1841 3349
116 179 187 228 m
669 178 720 226 Q.
751 178 995 220 HORATII
1021 177 1228 219 FLAch

189 296 446 357 Sisyphus:
483 296 613 342 hunc
636 297 835 356 Varum,
856 299 1062 345 distortis
1086 298 1301 345 cruribus
1321 315 1332 353 ;
1369 298 1501 345 illum

190 361 402 408 Balbutit
427 362 676 419 Scaurum,
702 363 856 422 pravis
883 364 1049 407 fultum
1074 362 1198 407 male
1224 362 1344 407 talis.

187 424 385 473 Parcius
411 427 487 472 hic
513 426 651 472 vivit?
688 427 811 487 frugi
837 427 1047 472 dicatur:
1085 428 1273 487 ineptus

187 491 250 538 Et
268 492 519 554 jactantior
544 493 622 537 hic
646 490 786 553 paulo
812 493 915 537 est?
951 493 1216 538 concinnus
1241 493 1406 538 amicis

187 557 397 604 Postulat
421 567 472 602 ut
496 557 707 602 videatur
730 574 738 602 :
776 566 822 602 at
845 569 916 602 est
939 558 1263 614 truculentior,
1289 567 1425 618 atque

187 621 302 670 Plus
327 639 459 683 aequo
484 623 632 668 liber?
668 622 866 683 simplex
891 622 1110 683 fortisque
1136 623 1375 668 habeatur.

189 688 380 735 Caldior
405 689 511 733 est?
548 703 680 733 acres
706 688 825 733 inter
851 697 1149 734 numeretur:
1186 688 1367 749 opinor,

189 753 310 799 Haec
334 771 408 800 res
434 762 479 799 et
499 753 670 814 jungit,
692 753 883 814 junctos
907 762 953 799 et
978 763 1128 799 servat
1153 755 1342 800 amicos.

188 820 256 865 At
279 835 364 865 nos
389 819 582 864 virtutes
603 820 725 880 ipsas
751 819 1039 876 invertimus,
1066 828 1202 880 atque

189 885 439 931 Sincerurn
465 885 682 945 cupimus
708 901 786 930 vas
812 886 1086 930 incrustare.
1150 885 1327 931 Probus
1351 885 1454 945 quis

186 950 452 996 Nobiscum
477 950 614 1005 vivit3
653 948 851 996 multum
878 959 949 995 est
972 951 1204 996 demissus
1229 952 1394 996 homo:
1432 951 1493 996 illi

186 1015 349 1062 Tardo
373 1031 638 1076 cognomen
662 1016 828 1077 pingui
854 1016 1047 1061 damus:
1085 1017 1162 1062 hic
1189 1016 1306 1077 fugit
1329 1032 1493 1062 omnes

184 1080 405 1140 InsidiaS,
432 1081 639 1142 nullique
665 1082 787 1127 malo
810 1082 930 1128 latus
953 1082 1083 1127 obdit
1108 1092 1336 1143 apertum,

183 1147 351 1196 Quum
377 1163 529 1208 genus
554 1148 643 1193 hoc
668 1148 790 1193 inter
815 1148 918 1193 vitae
945 1156 1168 1205 versetur,
1196 1148 1275 1193 ubi
1301 1147 1423 1194 acris

185 1211 372 1258 Invidia
397 1223 535 1273 atque
560 1214 718 1274 vigent
744 1213 823 1259 ubi
849 1213 1076 1268 crimina3
1114 1230 1197 1275 pro
1223 1214 1342 1259 bene
1369 1229 1484 1260 sano

185 1279 261 1324 Ac
285 1294 380 1324 non
407 1279 615 1337 incauto,
643 1279 803 1325 fictum
829 1288 1127 1340 astutumque
1154 1295 1388 1325 vocamus.

186 1344 452 1404 Simplicior
475 1345 595 1404 quis,
621 1354 667 1391 et
691 1355 761 1390 est
784 1346 967 1405 qualem
994 1361 1068 1390 me
1094 1343 1217 1406 saepc
1243 1346 1442 1391 libenter

184 1409 452 1456 Obtulerim
478 1410 579 1468 tibi,
606 1410 864 1469 MaecenaS‚
890 1420 941 1456 ut
967 1409 1082 1456 forte
1109 1411 1344 1471 legentem

183 1476 285 1522 Aut
307 1475 501 1522 tacitum
529 1476 736 1537 impellat
759 1477 921 1537 quovis
946 1492 1160 1522 sermone
1181 1478 1198 1521 i?
1236 1482 1262 1500 “
1287 1476 1543 1522 Molestus!

184 1541 440 1587 Communi
466 1557 607 1586 sensu
632 1539 772 1602 plane
800 1543 975 1598 caret,''
1003 1542 1254 1602 inquimus.
1314 1541 1450 1587 Eheu
1473 1542 1482 1587 !

182 1606 347 1656 Quam
372 1605 551 1652 temere
578 1607 624 1652 in
651 1617 834 1653 nosmet
857 1607 1009 1668 legem
1036 1607 1276 1652 sancimus
1302 1607 1536 1668 iniquam!

183 1672 310 1718 Nam
335 1673 457 1719 vitiis
482 1689 621 1719 nemo
645 1674 747 1719 sine
772 1673 982 1719 nascitur
1005 1689 1014 1718 :
1051 1673 1254 1734 optimus
1278 1673 1354 1718 ille
1379 1683 1451 1719 est

183 1738 285 1788 Qui
311 1739 520 1785 minimis
547 1749 750 1799 urgetur.
820 1740 1020 1784 Amicus
1046 1739 1213 1795 dulcis,
1235 1748 1285 1784 ut
1311 1754 1493 1799 aequum
1518 1748 1605 1797 est,

182 1803 350 1853 Quum
376 1821 479 1850 mea
506 1801 779 1865 compenset
804 1804 927 1850 vitiis
954 1805 1090 1861 bona,
1115 1804 1327 1865 pluribus
1352 1805 1498 1862 hisce,

183 1870 236 1916 Si
262 1869 402 1916 modo
427 1871 561 1931 plura
585 1871 699 1915 mihi
726 1871 849 1916 bona
872 1879 996 1927 sunt,
1024 1870 1248 1915 inclinet:
1286 1870 1431 1916 amari

186 1936 237 1981 Si
262 1936 385 1982 volet
410 1937 499 1982 hac
526 1936 647 1997 lege,
675 1937 722 1981 in
748 1936 925 1981 trutina
949 1945 1148 1997 ponetur
1173 1936 1355 1981 eadem.

182 2001 284 2050 Qui
309 2018 369 2047 ne
394 2002 638 2048 tuberibus
661 2002 1090 2063 propriisoffendat
1114 2001 1321 2046 amicum

183 2067 410 2125 Postulat,
437 2068 651 2128 ignoscet
675 2068 880 2112 verrucis
906 2067 1057 2112 illius:
1096 2082 1279 2127 aequum
1304 2076 1373 2113 est

183 2131 399 2178 Peccatis
423 2133 605 2178 veniam
632 2142 904 2193 poscentem
930 2133 1126 2177 reddere
1151 2148 1323 2177 rursus.

248 2197 483 2258 Denique,
509 2199 742 2259 quatenus
766 2198 922 2243 excidi
947 2195 1136 2258 penitus
1161 2197 1322 2242 vitium
1350 2197 1446 2254 irae,

183 2263 369 2309 Caetera
392 2265 505 2309 item
532 2273 772 2324 nequeunt
797 2263 948 2308 stultis
974 2263 1224 2308 haerentia:
1263 2278 1345 2307 cur
1371 2278 1464 2308 non

183 2328 477 2375 Ponderibus
502 2329 793 2388 modulisque
819 2329 914 2373 suis
939 2329 1054 2373 ratio
1080 2328 1239 2385 utitur,
1265 2344 1319 2373 ac
1345 2343 1417 2373 res

182 2393 245 2440 Ut
268 2409 463 2454 quaeque
487 2405 572 2452 est,
600 2395 662 2440 ita
687 2394 928 2455 suppliciis
951 2393 1120 2438 delicta
1148 2395 1370 2439 coercet?

182 2458 234 2504 Si
260 2460 363 2520 quis
388 2476 495 2505 eum
521 2475 722 2517 servum,
748 2460 955 2520 patinam
981 2459 1058 2519 qui
1084 2459 1243 2504 tollere
1264 2459 1421 2520 jussus

184 2526 404 2571 Semesos
428 2526 581 2586 pisces
606 2526 909 2586 tepidumque
935 2524 1187 2585 ligurrierit
1207 2525 1300 2585 jus,

183 2590 240 2636 In
266 2607 406 2637 cruce
432 2591 633 2653 suffigat,
660 2591 880 2636 Labeone
907 2591 1113 2636 insanior
1140 2591 1258 2635 inter

183 2656 334 2702 Sanos
359 2657 556 2703 dicatur.
615 2654 814 2706 Quanto
842 2658 928 2701 hoc
955 2655 1172 2701 furiosius
1196 2665 1332 2715 atque

182 2719 338 2781 Majns
363 2732 608 2782 peccatum
634 2723 728 2768 est!
789 2720 989 2768 Paulum
1015 2721 1207 2781 deliquit
1231 2720 1413 2766 amicus

186 2784 354 2848 (Quod
380 2788 468 2832 nisi
495 2789 746 2844 concedas,
773 2789 973 2833 habeare
995 2786 1223 2848 insuavis)
1244 2802 1253 2841 ;
1293 2787 1491 2832 acerbus

182 2850 356 2908 Odisti,
382 2861 428 2896 et
453 2852 590 2912 fugis,
616 2863 666 2898 ut
690 2853 955 2900 Drusonem
982 2852 1162 2898 debitor
1188 2851 1306 2909 aeris,

181 2916 300 2974 Qui,
326 2917 432 2970 nisi,
457 2933 600 2976 quum
626 2919 780 2964 tristes
805 2919 974 2964 misero
999 2916 1170 2962 venere
1196 2917 1440 2975 Kalendae,

185 2981 458 3028 Mercedem
482 2991 563 3027 aut
587 2998 803 3028 nummos
828 2985 953 3029 unde
980 2983 1105 3027 unde
1130 2984 1341 3040 extricat,
1366 2997 1548 3029 amaras

183 3047 406 3093 Porrecto
426 3047 591 3109 jugulo
616 3048 845 3104 historias,
870 3048 1079 3110 captivus
1104 3057 1170 3105 ut,
1197 3048 1339 3094 audit.

185 3112 479 3160 Comminxit
501 3113 675 3159 lectum
700 3121 851 3175 potuS,
876 3112 1096 3159 mensave
1121 3113 1330 3160 catillum

1706 1149 1771 1195 60

1700 1804 1765 1852 70

1701 2133 1764 2179 75

1696 2459 1761 2506 80
