1841 3349
618 183 669 230 Q.
700 183 943 225 HORATII
973 185 1179 226 FLACCI

332 300 502 353 Quum
524 303 812 365 promineret
833 320 930 362 ore,
955 302 1185 366 quantum
1210 314 1399 353 exstant
1421 307 1545 369 aqua

599 369 842 430 Suspensa
865 380 1025 416 mento
1050 386 1269 443 corpora:

333 431 516 480 Exusta
538 431 607 479 uti
632 435 840 480 medulla
862 445 909 480 et
933 436 1152 481 aridum
1136 452 1272 498 jecur

597 499 790 545 Amoris
813 510 936 545 esset
961 501 1199 561 poculum,

332 562 646 611 Interminato
669 579 813 623 quum
839 565 983 610 semel
1009 566 1112 611 fixae
1138 567 1245 613 cibo

595 627 921 674 Intabuissent
943 631 1147 691 pupulae.

329 691 444 741 Non
468 693 674 740 defuisse
698 694 921 740 mascula)
945 694 1157 742 libidinis

595 759 951 805 Ariminensem
977 760 1177 821 Foliam,

331 822 395 871 Et
414 824 565 872 otiosa
588 825 789 870 credidit
813 825 1054 887 NeapoliS‚

573 889 658 936 -Et
680 907 822 936 omne
847 892 1055 937 vicinum
1075 892 1317 953 oppidum,

329 954 459 1006 Quae
483 955 653 1013 sidera,
681 966 931 1001 excantata
955 972 1070 1002 voce
1095 957 1348 1017 Thessala,

596 1019 876 1081 Lunamque
901 1021 1022 1067 coelo
1046 1023 1228 1083 deripit.

330 1084 431 1133 Hic
454 1085 732 1132 irresectum
759 1103 881 1132 saeva
905 1087 1047 1133 dente
1072 1087 1215 1134 livido

594 1151 799 1197 Canidia
823 1153 996 1219 rodens
1020 1153 1255 1242 pollicem,

328 1202 466 1268 Quid
490 1216 640 1262 dixit?
676 1227 757 1263 aut
781 1218 890 1278 quid
917 1210 1066 1264 tacuit
1084 1220 1103 1264 C?
1141 1219 1234 1265 “O
1258 1219 1399 1266 rebus
1423 1220 1541 1268 meis

593 1281 706 1329 Non
732 1283 946 1329 infideles
972 1284 1173 1343 arbitrae,

328 1345 443 1394 Nox
465 1355 512 1393 et
536 1346 692 1393 Diana
716 1364 819 1408 quae
845 1349 1084 1394 silentium
1108 1351 1250 1411 regis,

595 1414 790 1459 Arcana
813 1430 957 1474 quum
984 1415 1103 1460 fiunt
1127 1431 1261 1461 sacra
1282 1433 1292 1472 ;

331 1476 496 1537 Nunc,
521 1494 651 1524 nunc
677 1480 864 1535 adeste3
902 1496 1033 1525 nunc
1060 1481 1109 1525 in
1135 1481 1327 1527 hostiles
1351 1482 1514 1529 domos

595 1543 718 1590 Iram
745 1554 883 1605 atque
909 1561 1087 1591 numen
1114 1547 1292 1592 vertite.

329 1607 666 1656 Formidolosae
693 1610 804 1654 dum
829 1610 977 1656 latent
1002 1611 1129 1655 silvis
1155 1611 1280 1671 ferae,

593 1674 737 1720 Dulci
763 1691 926 1736 sopore
951 1676 1205 1737 languidae,

329 1739 522 1798 Senem,
547 1741 672 1800 quod
696 1756 862 1786 omnes
887 1741 1088 1799 rideant,
1115 1743 1380 1789 adulterum

591 1804 788 1851 Latrent
813 1806 1076 1851 Suburanae
1102 1822 1262 1865 canes,

328 1867 495 1917 Nardo
517 1881 817 1932 perunctum,
843 1872 980 1931 quale
1006 1888 1100 1917 non
1124 1873 1381 1933 perfectius

592 1934 717 1981 Meae
742 1936 998 1982 laborarint
1023 1953 1204 1983 manus.

326 1999 462 2052 Quid
487 2001 694 2048 accidit?
730 2018 814 2047 cur
840 2002 941 2048 dira
967 2003 1175 2048 barbarae
1200 2000 1359 2051 minus

590 2067 794 2112 Venena
820 2067 1006 2113 Medeae
1032 2069 1203 2126 valent,

325 2130 519 2183 Quibus
543 2132 790 2192 superbam
819 2132 936 2192 sugit
961 2133 1057 2177 ulta
1081 2133 1313 2193 pellicem,

591 2195 757 2257 Magni
783 2197 1003 2242 Creontis
1028 2197 1186 2256 filiam,

325 2260 494 2312 Quum
517 2261 656 2323 palla,
681 2263 791 2307 tabo
817 2278 989 2306 munus
1015 2263 1263 2321 imbutum,
1289 2280 1460 2311 novam

590 2326 823 2372 Incendio
847 2338 1041 2387 nuptam
1067 2328 1290 2374 abstulit?

327 2392 474 2453 Atqui
498 2407 589 2437 nec
615 2393 758 2437 herba
784 2408 871 2437 nec
892 2394 1041 2438 latens
1068 2393 1115 2438 in
1138 2394 1314 2454 asperis

590 2456 750 2502 Radix
776 2458 936 2503 fefellit
961 2474 1035 2503 me
1061 2458 1190 2504 locis.

327 2521 560 2570 Indormit
583 2523 740 2568 unctis
764 2524 976 2568 omnium
1003 2524 1238 2569 cubilibus

590 2587 838 2635 Oblivione
865 2589 1101 2649 pellicum.

327 2653 433 2699 Ah!
473 2654 558 2700 ah!
586 2653 765 2699 solutus
790 2655 997 2700 ambulat
1021 2654 1243 2701 veneficae

592 2719 868 2765 Scientioris
892 2720 1117 2766 carmine.

326 2779 441 2830 Non
465 2783 662 2842 usitatiS‚
689 2785 831 2842 vare,
856 2785 1139 2845 potionibus,

592 2848 638 2894 Ο
663 2851 810 2896 multa
835 2849 1053 2896 fleturum
1079 2850 1242 2909 caput!

327 2912 407 2960 Ad
430 2927 507 2959 me
530 2929 768 2970 recurres3
807 2931 897 2960 nec
922 2923 1085 2960 vocata
1108 2929 1244 2961 mens
1266 2923 1347 2962 tua

589 2976 760 3024 Marsis
785 2981 954 3025 redibit
979 2979 1184 3026 vocibus.

327 3040 486 3107 Hujus
507 3043 698 3106 parab0,
725 3045 875 3104 majus
901 3044 1146 3089 infundam
1170 3043 1255 3092 tibi

592 3107 872 3155 Fastidienti
895 3109 1132 3171 poculum.

1652 308 1720 359 35

1651 634 1716 682 40

1645 1287 1711 1335 50

1643 1940 1710 1988 60

1642 2589 1708 2637 70

1638 2913 1706 2962 75
