1841 3349
560 152 971 194 EPISTOLARUM
1000 153 1108 191 LIB.
1140 154 1199 192 ΙΙ.
1231 158 1266 193 1.

222 274 290 333 Si,
316 274 426 335 quia
448 273 722 319 Graecorum
747 280 857 317 sunt
881 271 1205 331 antiquissima
1228 288 1424 334 quaeque

156 339 342 400 Scripta
365 339 435 384 vel
460 338 652 399 optima,
678 337 887 383 Romani
911 347 1168 397 pensantur
1193 338 1361 382 eadem

156 405 416 465 Scriptores
439 403 631 461 trutina,
657 419 752 448 non
777 412 848 448 est
871 400 996 462 quod
1022 403 1168 447 multa
1194 402 1460 462 loquamur:

154 469 237 515 Nil
264 470 384 514 intra
408 478 478 514 est
492 457 670 526 oleam,
696 469 761 513 nil
786 477 916 513 extra
940 477 1010 513 est
1034 467 1082 512 in
1107 483 1248 525 nuce,
1274 468 1392 512 duri.
1486 469 1510 477 ”

155 535 386 581 Venimus
411 534 469 579 ad
494 550 731 578 summum
757 534 980 579 fortunae:
1016 533 1256 594 pingimus
1281 542 1417 594 atque

156 599 404 645 Psallimus
428 609 475 645 et
497 600 729 644 luctamur
758 599 955 644 Achivis
980 597 1167 644 doctius
1192 598 1361 646 unctis
1419 640 1433 659 4

157 665 208 711 Si
233 665 427 710 meliora
450 665 567 722 dies,
594 675 644 710 ut
668 664 791 722 vina,
815 667 1035 724 poemata
1054 664 1224 722 reddit,

157 730 289 776 Scire
316 731 453 775 velim
478 730 681 790 pretium
705 730 880 775 chartis
903 739 1071 789 quotus
1096 738 1281 790 arroget
1304 745 1469 775 annus.

157 797 365 857 Scriptor
390 796 563 841 abhinc
588 812 735 841 annos
760 805 952 840 centum
976 794 1055 854 qui
1080 794 1272 848 decidit,
1298 795 1419 841 inter

96 885 101 887 ·
155 862 395 908 Perfectos
419 871 690 922 veteresque
715 862 876 906 referri
903 861 1057 918 debet,
1084 877 1143 905 an
1170 860 1290 906 inter

154 928 286 974 Viles
311 937 447 988 atque
472 929 647 973 novos?
684 927 903 972 excludat
923 927 1077 987 jurgia
1102 926 1289 971 finis.—-
1436 923 1449 962 s
1512 950 1518 972 π
1572 948 1602 957 ,.

155 993 241 1039 Est
265 1003 397 1039 vetus
422 1002 560 1054 atque
585 993 771 1053 probus,
797 1002 987 1038 centum
1011 990 1092 1051 ¹qui
1117 991 1298 1052 perficit
1323 1008 1553 1038 annos—-

154 1059 307 1117 Quid,
332 1059 411 1119 qui
435 1059 633 1119 deperiit
658 1058 808 1103 minor
834 1074 929 1103 uno
954 1074 1131 1114 mense,
1157 1057 1227 1102 vel
1254 1074 1394 1115 anno,

156 1124 285 1170 Inter
310 1141 428 1185 quos
451 1125 726 1169 referendus
750 1124 871 1169 erit?
910 1134 1151 1169 veteresne
1175 1127 1355 1184 poetas,

156 1191 236 1236 An
260 1207 374 1250 quos
399 1199 445 1235 et
468 1206 674 1251 praesens
700 1199 746 1235 et
768 1199 952 1250 postera
976 1198 1164 1249 respuet
1188 1198 1298 1234 aetas
1312 1191 1399 1235 2—

155 1255 250 1301 Iste
275 1255 465 1316 quidem
491 1265 669 1301 veteres
693 1255 813 1300 inter
837 1264 1036 1316 ponetur
1062 1254 1278 1312 honeste,

154 1321 257 1371 Qui
282 1321 351 1366 vel
379 1338 542 1366 mense
568 1321 694 1366 brevi
719 1321 789 1366 vel
815 1330 909 1366 toto
934 1330 1003 1365 est
1018 1320 1175 1381 junior
1202 1336 1408 1365 anno.—

154 1387 270 1433 Utor
294 1387 537 1448 permisso,
563 1387 819 1447 caudaeque
844 1386 961 1448 pilos
986 1395 1036 1431 ut
1060 1386 1244 1446 equinae

156 1452 388 1498 Paulatim
413 1453 546 1510 vello,
573 1461 618 1498 et
643 1454 780 1498 demo
806 1468 967 1510 unum,
995 1453 1132 1497 demo
1156 1452 1298 1497 etiam
1324 1467 1494 1507 unum;

157 1518 285 1563 Dum
310 1520 464 1576 cadat,
490 1519 647 1564 elusus
672 1519 851 1565 ratione
875 1518 1055 1563 ruentis
1080 1518 1250 1575 acervi,

155 1584 258 1633 Qui
283 1585 404 1630 redit
429 1585 487 1629 ad
513 1585 671 1641 fastos,
697 1594 744 1629 et
767 1584 985 1628 virtutem
1012 1584 1209 1628 aestimat
1233 1583 1386 1641 annis,

158 1648 450 1710 Miraturque
475 1650 591 1695 nihil
618 1649 709 1694 nisi
732 1650 857 1710 quod
882 1648 1090 1695 Libitina
1115 1649 1326 1694 sacravit.

222 1714 424 1772 Ennius,
450 1724 497 1761 et
521 1715 707 1776 sapiens
731 1724 777 1760 et
802 1715 946 1772 fortis,
972 1724 1018 1759 et
1043 1714 1156 1760 alter
1183 1715 1437 1772 Homerus,

157 1779 221 1826 Ut
244 1781 397 1826 critici
422 1781 604 1838 dicunt,
629 1780 791 1826 leviter
817 1795 982 1825 curare
1007 1779 1190 1825 videtur

155 1843 271 1895 Quo
296 1846 524 1906 promissa
547 1846 721 1891 cadant
744 1855 792 1890 et
815 1845 998 1891 somnia
1022 1845 1329 1906 Pythagorea.

158 1911 352 1957 Naevius
372 1911 417 1956 in
445 1911 662 1956 manibus
686 1927 781 1956 non
806 1919 890 1968 est,
916 1919 962 1955 et
986 1911 1222 1956 mentibus
1248 1912 1394 1957 haeret

158 1975 288 2022 Pene
314 1993 496 2034 recens,
523 1974 641 2021 adeo
668 1984 883 2021 sanctum
909 1985 980 2021 est
1004 1985 1135 2021 vetus
1158 1992 1298 2022 omne
1321 1979 1505 2038 poema.

159 2042 430 2103 Ambigitur
454 2041 635 2102 quoties
661 2050 762 2086 uter
788 2051 891 2087 utro
916 2041 974 2087 sit
997 2041 1137 2102 prior,
1166 2042 1317 2088 aufert

157 2107 392 2153 Pacuvius
417 2107 543 2153 docti
569 2108 740 2153 famam
767 2108 908 2164 senis,
935 2107 1106 2152 Actius
1130 2107 1237 2162 alti3

158 2173 346 2219 Dicitur
371 2172 540 2219 Afrani
565 2182 674 2234 toga
697 2173 974 2218 convenisse
999 2171 1292 2229 Menandro3

158 2239 352 2285 Plautus
374 2240 433 2284 ad
458 2239 694 2300 exemplar
720 2239 869 2284 Siculi
891 2255 1138 2300 properare
1163 2238 1461 2299 Epicharmi;

157 2305 365 2350 Vincere
390 2304 613 2350 Caecilius
637 2305 880 2366 gravitate,
907 2304 1164 2350 Terentius
1189 2315 1301 2351 arte.

128 2367 142 2383 ³
159 2370 262 2416 Hos
286 2371 470 2428 ediscit,
496 2380 543 2416 et
567 2371 651 2416 hos
676 2380 804 2416 arcto
830 2370 997 2431 stipata
1021 2371 1204 2416 theatro

160 2436 354 2496 Spectat
377 2436 535 2482 Roma
557 2445 749 2495 potens3
789 2437 928 2481 habet
952 2437 1036 2481 hos
1060 2444 1370 2496 numeratque
1393 2438 1558 2496 poetas

159 2501 239 2545 Ad
263 2509 477 2545 nostrum
501 2510 686 2560 tempus
712 2500 816 2545 Livi
843 2501 1080 2561 scriptoris
1106 2495 1299 2547 ab“aevo.

159 2565 407 2611 Interdum
433 2565 599 2625 vulgus
624 2574 806 2610 rectum
834 2565 984 2620 videt;
1022 2575 1092 2611 est
1116 2566 1196 2610 ubi
1219 2574 1399 2626 peccat.

160 2631 213 2676 Si
237 2639 417 2675 veteres
443 2630 506 2675 ita
531 2629 724 2676 miratur
750 2630 1000 2689 laudatque
1024 2634 1206 2691 poetas,

159 2695 223 2742 Ut
246 2696 362 2741 nihil
384 2694 627 2752 anteferat,
653 2695 770 2739 nihil
797 2695 887 2740 illis
911 2704 1165 2755 comparet,
1190 2704 1314 2741 errat
1335 2711 1344 2740 ε

160 2762 214 2807 Si
238 2762 452 2821 quaedam
476 2760 616 2805 nimis
642 2758 850 2821 antique,
876 2761 914 2805 si
940 2760 1159 2821 pleraque
1184 2757 1302 2807 dure

159 2826 332 2873 Dicere
356 2826 483 2872 cedit
505 2842 601 2883 eos,
623 2824 791 2887 ignave
817 2825 963 2870 multa
989 2825 1175 2884 fatetur,

159 2892 222 2938 Et
245 2891 380 2953 sapit,
405 2900 452 2937 et
475 2907 663 2936 mecum
687 2891 815 2949 facit,
840 2900 887 2936 et
911 2890 1026 2936 Jove
1047 2891 1229 2952 judicat
1253 2907 1399 2953 aequo.

159 2957 272 3004 Non
297 2957 515 3018 equidem
539 2956 759 3015 insector,
785 2957 1044 3002 delendave
1069 2958 1282 3004 carmina
1305 2956 1410 3004 Livi

160 3023 279 3069 Esse
304 3039 423 3081 reor,
447 3022 644 3067 memini
668 3038 770 3082 quae
793 3022 1037 3083 plagosum
1063 3023 1180 3068 mihi
1203 3039 1345 3085 parvo

158 3088 396 3135 Orbilium
421 3087 599 3134 dictare
620 3103 631 3144 3
669 3088 752 3133 sed
775 3088 1026 3134 emendata
1048 3087 1212 3147 videri,

1669 403 1734 449 ³0

1642 155 1728 202 171

1671 729 1735 775 35
1769 674 1772 677 Ι

1674 1056 1736 1102 40

1674 1384 1738 1430 45

1664 1649 1739 1759 ἑο

1674 2043 1739 2088 55

1676 2370 1740 2416 60

1675 3023 1742 3069 ’70
