1841 3349
578 167 922 207 SATIRARUM
951 167 1059 206 Lm.
1090 167 1150 207 11.
1182 171 1217 207 1.
1622 167 1718 217 115

774 342 1015 368 HORATIUS.

590 413 849 475 Cupidum,
875 423 1005 474 pater
1028 414 1221 475 optime,
1247 414 1368 460 vires

130 479 402 528 Deficiunt:
439 495 592 540 neque
617 481 744 525 enirn
770 481 919 540 quivis
945 481 1182 526 horrentia
1207 481 1334 542 pilis*

132 547 358 608 Agmina,
384 561 474 590 nec
499 546 646 591 fracta
670 556 922 607 pereuntes
946 547 1142 608 cuspide
1167 546 1343 605 Gallos,

130 613 233 659 Aut
254 612 455 657 labentis
478 628 599 673 equo
624 613 859 659 describat
884 613 1078 660 vulnera
1096 613 1272 660 Parthi.
1441 669 1449 678 .
1659 611 1721 659 lo

757 736 1024 762 TREBATIUS.

132 807 359 854 Attamen
384 816 432 853 et
450 806 627 868 justum
652 816 837 868 poteras
861 817 907 853 et
932 808 1137 854 scribere
1159 808 1343 867 fortem,

131 872 402 936 Scipiadam
428 884 479 919 ut
502 873 689 935 sapiens
714 873 942 920 Lucilius.
1376 894 1381 895 ⁷

767 998 1008 1024 HORATIUS.

986 1069 1131 1117 Haud
1155 1070 1270 1117 mihi
1295 1072 1455 1132 deero,

128 1135 298 1186 Quum
322 1151 397 1181 res
421 1135 521 1197 ipsa
545 1134 674 1181 feret.
733 1135 840 1181 Nisi
866 1136 1029 1183 dextro
1054 1147 1279 1199 tempore,
1308 1137 1470 1186 Flacci

84 1223 88 1225 ’
130 1202 291 1249 Verba
314 1217 395 1263 per
420 1212 648 1248 attentam
673 1218 768 1248 non
796 1203 930 1248 ibunt
955 1203 1157 1249 Caesaris
1183 1220 1370 1251 aurem:

128 1267 222 1315 Cui
246 1266 370 1314 male
396 1267 436 1313 si
459 1268 665 1329 palpere,
691 1269 959 1315 recalcitrat
983 1270 1194 1331 undique
1218 1280 1361 1317 tutus.
1650 1270 1717 1320 20

751 1391 1018 1420 TREBATIUS.

125 1462 327 1515 Quanto
352 1461 528 1512 rectius
553 1464 658 1522 hoc,
683 1462 825 1525 quam
850 1465 969 1511 tristi
994 1465 1167 1512 laedere
1191 1472 1329 1513 versu

127 1530 442 1578 Pantolabum
467 1546 677 1577 scurram
703 1530 1156 1593 Nomentanumque
1181 1543 1401 1595 nepotem
1423 1534 1433 1580 !

125 1596 294 1648 Quum
318 1597 408 1643 sibi
432 1597 627 1657 quisque
652 1595 802 1654 timet,
828 1613 1096 1658 quanquam
1120 1608 1191 1645 est
1216 1600 1437 1660 imactus,
1462 1608 1511 1648 et
1533 1601 1648 1650 odit.

763 1719 1001 1746 HORATIUS.

123 1793 260 1845 Quid
285 1793 493 1839 faciam?
552 1792 701 1838 Saltat
726 1791 969 1852 Milonius,
995 1803 1046 1840 ut
1071 1796 1214 1842 semel
1240 1797 1334 1845 icto

124 1860 349 1907 Accessit
368 1859 516 1905 servor
541 1858 683 1920 capiti
709 1875 1027 1921 numerusque
1052 1861 1284 1910 lucernis:
1501 1884 1506 1889 ·
1581 1860 1583 1863 ⁵
1647 1867 1713 1915 25

125 1926 296 1973 Castor
321 1926 495 1987 gaudet
519 1926 676 1986 equis;
715 1941 802 1971 ovo
825 1936 1083 1987 prognatus
1107 1929 1293 1988 eodem,

124 1992 332 2053 Pugnis:
368 2000 482 2051 quot
505 1991 713 2052 capitum
739 1992 915 2048 vivunt,
942 1993 1136 2039 totidem
1163 1996 1425 2042 studiorum

126 2057 293 2104 Millia.
353 2055 436 2103 Me
460 2057 659 2119 pedibus
683 2056 888 2104 delectat
912 2059 1133 2106 claudere
1159 2061 1318 2120 verba,

124 2123 282 2170 Lucili
309 2123 416 2181 ritu,
444 2123 660 2169 nostrum
685 2124 894 2169 melioris
919 2134 1130 2186 utroque.

124 2188 211 2236 Ille
235 2190 361 2235 velut
384 2189 489 2235 fidis
514 2204 687 2235 arcana
711 2190 948 2236 sodalibus
971 2192 1083 2237 olim
1645 2197 1712 2245 30

122 2256 360 2302 Credebat
384 2255 541 2310 libris3
579 2271 747 2316 neque,
774 2256 811 2301 si
837 2255 962 2302 male
988 2267 1210 2316 cesserat,
1235 2273 1433 2320 usquam

121 2321 396 2367 Decurrens
420 2318 529 2379 alio,
556 2337 709 2382 neque
737 2322 774 2367 si
801 2323 950 2369 bene:
988 2340 1080 2385 quo
1104 2324 1155 2370 fit
1179 2335 1230 2380 ut
1252 2326 1407 2373 omnis

120 2387 292 2434 Votiva
315 2397 471 2449 pateat
494 2388 637 2432 veluti
663 2388 898 2450 descripta
922 2390 1094 2436 tabella

121 2453 234 2500 Vita
258 2453 397 2498 senis.
460 2453 640 2513 Sequor
667 2454 812 2512 hunc,
838 2454 1063 2502 Lucanus
1089 2473 1148 2502 an
1175 2458 1410 2520 AppuluS‚
1436 2474 1640 2523 anceps:

121 2518 249 2564 Nam
273 2518 548 2563 Venusinus
574 2528 672 2564 arat
696 2519 840 2565 finem
865 2522 952 2565 sub
978 2532 1226 2584 utrumque
1251 2525 1464 2583 colonuS‚
1641 2526 1707 2574 35

121 2583 298 2629 Missus
324 2583 383 2627 ad
409 2584 514 2639 hoc,
540 2584 702 2643 pulsis,
730 2595 862 2630 vetus
886 2596 957 2632 est
981 2598 1031 2633 ut
1057 2589 1194 2644 fama,
1222 2590 1440 2648 Sabellis,

117 2646 235 2699 Quo
262 2664 322 2694 ne
345 2663 427 2708 per
452 2662 652 2692 vacuum
680 2649 900 2696 Romano
926 2653 1186 2699 incurreret
1211 2655 1381 2709 hostis;

121 2715 232 2761 Sive
256 2711 383 2774 quod
410 2713 598 2774 Appula
622 2729 756 2774 gens,
782 2731 864 2760 seu
889 2715 1017 2777 quod
1045 2719 1258 2765 Lucania
1284 2720 1460 2766 bollum

120 2779 366 2825 Incuteret
390 2779 607 2825 violenta.
670 2780 764 2825 Sed
791 2781 868 2826 hic
893 2783 1038 2842 stylus
1064 2784 1187 2830 haud
1213 2795 1340 2846 petet
1363 2787 1486 2834 ultro

118 2845 409 2905 Quenquam
434 2844 748 2902 ani1nante1n;
787 2856 834 2893 et
858 2864 933 2894 me
960 2849 1099 2895 veluti
1124 2852 1356 2899 custodiet
1378 2852 1507 2901 ensis
1637 2852 1706 2903 ⁴10

120 2911 310 2972 Vagina
334 2920 487 2956 tectus
508 2928 517 2965 3
554 2927 693 2972 quem
719 2928 802 2958 cur
827 2914 1108 2976 distringere
1133 2932 1293 2977 coner,

119 2975 280 3022 Tutus
304 2976 363 3021 ab
384 2976 563 3021 infestis
587 2978 879 3025 latronibus?
937 2979 983 3026 O
1009 2991 1139 3042 pater
1163 2993 1210 3029 et
1234 3000 1316 3031 rex

118 3040 322 3104 Jupiter,
350 3052 402 3088 ut
425 3052 584 3103 pereat
607 3044 809 3104 positum
836 3046 1053 3107 rubigine
1077 3048 1240 3108 telum,

120 3106 228 3155 Nec
249 3108 496 3170 quisquam
519 3119 690 3157 noceat
712 3111 886 3173 cupido
909 3112 1027 3160 milii
1049 3114 1206 3176 pacis!
1267 3114 1335 3162 At
1355 3113 1451 3171 ine,
