1841 3349
354 446 1453 536 Q.110RAT11FLACC1

547 670 1266 730 EPISTOLARUM

682 866 856 906 LIBER
898 863 1137 904 PRIMUS.

701 1238 1040 1288 EPISTOLA
1074 1236 1115 1283 Ι.

687 1354 753 1384 ΑΙ)
779 1351 1122 1383 MAECENATEM.

155 1441 323 1488 Pmm
347 1440 473 1486 dicte
496 1438 629 1495 mihi,
655 1435 839 1482 summa
863 1434 1064 1480 dicende
1090 1431 1338 1488 Camoenii,

155 1507 430 1568 Spectatum
456 1502 584 1560 satis,
609 1513 656 1548 et
679 1504 902 1546 donatum
925 1500 1020 1560 jam
1047 1499 1177 1553 rude,
1202 1496 1385 1557 quaeris‚

155 1571 414 1627 MaecenaS‚
441 1571 607 1616 iterum
636 1567 826 1626 antiquo
851 1581 925 1610 me
952 1564 1191 1609 includere
1218 1562 1341 1607 ludo.

155 1636 269 1682 Non
294 1637 459 1682 eadem
481 1644 551 1681 est
576 1643 702 1688 aetaS,
731 1647 823 1676 non
850 1646 997 1675 mens.
1069 1627 1311 1688 Vejanius,
1337 1624 1478 1672 armIs

157 1701 382 1747 Herculis
407 1702 465 1746 ad
491 1709 668 1761 postem
695 1697 813 1752 fixis,
840 1696 951 1740 latet
975 1693 1161 1739 abditus
1187 1708 1298 1752 agro
1700 1689 1734 1736 5

155 1766 234 1812 Ne
258 1766 481 1827 populum
507 1763 718 1809 extrema
746 1762 881 1806 toties
904 1768 1063 1804 exoret
1088 1757 1244 1802 arena.

157 1831 244 1877 Est
269 1831 381 1876 mihi
408 1840 649 1891 purgatam
677 1824 842 1872 crebro
869 1825 947 1885 qui
972 1831 1191 1884 personet
1218 1835 1406 1866 aurem:

159 1900 188 1922 “
207 1897 346 1942 Solve
371 1902 695 1941 senescentem
723 1888 903 1936 mature
931 1904 1071 1934 sanus
1095 1902 1284 1947 equum,
1312 1900 1372 1930 ne

159 1962 335 2007 Peccet
361 1961 419 2006 ad
444 1969 706 2006 extremum
733 1956 973 2010 ridendus,
999 1963 1045 1998 et
1071 1953 1146 1997 ilia
1171 1951 1358 1996 ducat.’'

157 2026 307 2073 Nunc
332 2027 487 2085 itaque
510 2034 557 2070 et
581 2038 741 2068 versus
766 2031 812 2066 et
836 2030 1003 2066 caetera
1029 2018 1211 2063 ludicra
1236 2031 1386 2077 pono:
1675 2012 1738 2060 10

156 2092 294 2141 Quid
330 2106 490 2135 verum
529 2098 666 2148 atque
702 2087 878 2131 decens
914 2100 1027 2129 curo
1063 2092 1110 2128 et
1144 2098 1272 2143 rogo,
1297 2091 1344 2126 et
1373 2079 1527 2126 omnis
1561 2077 1612 2125 in
1646 2077 1737 2126 lico

293 2171 424 2200 sum:

158 2220 328 2267 Condo
351 2229 397 2264 et
422 2232 651 2278 compono
669 2230 770 2275 quae
795 2230 903 2259 mox
927 2213 1198 2273 depromere
1223 2209 1408 2270 possim.

160 2285 254 2341 Ac,
278 2300 337 2329 ne
364 2281 480 2329 forte
506 2297 642 2341 roges
665 2296 754 2339 quo
779 2295 852 2323 me
878 2279 1015 2333 duce,
1039 2292 1129 2335 quo
1154 2276 1248 2319 lare
1274 2284 1394 2319 tuter
1415 2289 1425 2318 :

159 2349 351 2396 Nullius
377 2348 593 2393 addictus
612 2346 769 2406 jurare
795 2344 840 2388 in
863 2343 1000 2387 verba
1025 2340 1249 2400 magistri,

157 2412 276 2462 Quo
303 2429 376 2459 me
400 2427 586 2471 cunque
613 2411 730 2471 rapit
754 2418 1020 2468 tempestaS‚
1047 2406 1227 2450 deseror
1253 2404 1434 2465 hospes.
1678 2401 1738 2448 15

163 2479 312 2524 Nunc
337 2478 471 2539 agilis
498 2478 572 2532 lio,
598 2486 644 2521 et
669 2490 842 2519 mersor
867 2472 1081 2517 civilibus
1108 2470 1263 2527 undis,

162 2544 363 2590 Virtutis
389 2558 505 2588 verae
532 2551 704 2596 custos,
730 2539 999 2599 rigidusque
1025 2534 1235 2581 satelles:

164 2608 310 2654 Nunc
337 2609 383 2654 in
410 2607 636 2666 Aristippi
663 2605 817 2650 furtim
846 2612 1078 2664 praecepta
1104 2600 1302 2656 relabor,

163 2672 227 2719 Et
251 2674 363 2718 mihi
389 2689 478 2729 res,
504 2688 597 2716 non
624 2686 696 2715 ine
722 2669 860 2714 rebus
884 2667 1156 2712 submittere
1182 2679 1338 2709 conor.

165 2737 230 2784 Ut
253 2753 344 2782 nox
369 2738 509 2797 longa
532 2737 699 2796 quibus
723 2734 872 2780 somni
897 2747 1003 2793 pars
1028 2730 1169 2785 nulla,
1196 2729 1388 2787 diesque
1674 2723 1741 2772 20

166 2801 333 2861 Longa
357 2803 536 2846 videtur
560 2815 676 2860 opus
702 2799 982 2844 debentibus
1003 2813 1012 2851 3
1051 2805 1101 2840 ut
1125 2794 1253 2854 piger
1279 2806 1431 2837 annus

168 2866 363 2928 Pupillis
387 2881 501 2925 quos
525 2865 641 2908 dura
664 2865 832 2923 premit
856 2861 1069 2908 custodia
1093 2868 1290 2903 matrum
1310 2873 1320 2902 :

171 2933 254 2977 Sic
279 2931 391 2975 mihi
417 2929 548 2974 tarda
574 2928 723 2972 fluunt
748 2929 1019 2987 ingrataque
1043 2935 1268 2983 tempora,
1292 2936 1394 2981 quae
1419 2934 1548 2982 spem

170 2996 528 3053 Consiliumque
554 3001 790 3037 morantur
816 2991 986 3051 agendi
1011 2988 1221 3048 gnaviter
1247 2987 1292 3032 id
1312 2985 1436 3046 quod

173 3059 330 3121 AEque
356 3057 639 3122 pauperibus
662 3056 867 3117 prodest,
890 3053 1201 3116 locupletibus
1224 3048 1376 3113 aeque,
1673 3045 1742 3093 m
