1841 3349
81 163 175 212 138
620 163 671 208 Q.
702 161 944 201 HORATII
975 161 1180 201 FLACCI

143 280 369 329 Mundior
394 281 543 327 exiret
567 281 642 327 vix
665 281 911 327 libertinus
937 278 1148 326 honeste.

143 346 252 393 Jam
279 349 493 393 moechus
517 347 703 404 Romae,
725 347 821 408 jam
848 346 1006 391 mallet
1031 346 1193 391 doctor
1213 343 1417 390 Athenis

144 413 333 472 Vivere,
360 413 652 470 Vertumnis,
678 421 905 472 quotquot
929 421 1054 467 sunt,
1081 426 1219 456 natus
1244 410 1416 470 iniquis

144 480 322 525 Scurra
349 479 645 535 Volanerius,
672 488 912 538 postquam
940 476 1005 520 illi
1026 477 1153 536 justa
1177 476 1394 537 chiragra
1665 475 1727 522 15

144 544 376 590 Contudit
400 545 636 599 articulos,
662 543 739 602 qui
761 558 843 602 pro
867 557 916 586 se
941 541 1124 586 tolleret
1148 550 1284 600 atque

143 607 354 656 Mitteret
379 610 425 655 in
452 609 662 670 phimum
689 607 822 663 talos,
849 606 1068 650 mercede
1094 606 1265 650 diurna

141 674 445 722 Conductum
467 675 618 735 pavit:
655 670 831 732 quanto
858 671 1147 716 constantior
1174 671 1299 716 idem

142 740 202 786 In
230 741 365 798 vitiis,
392 738 523 786 tanto
549 736 697 784 levius
722 738 879 794 miser,
905 752 961 782 ac
986 737 1108 796 prior
1134 736 1211 782 illo

139 806 242 856 Qui
262 807 358 868 jam
384 814 624 863 contento,
645 804 743 865 jam
768 803 889 860 laxo,
917 803 1028 848 sune
1052 802 1244 848 laborat.
1660 800 1729 849 20

779 928 1018 954 HORATIUS.

141 1004 253 1115 gon
275 1004 408 1115 diceps
431 1001 571 1049 hodie
595 1015 817 1062 quorsum
842 1001 945 1046 haec
969 1009 1065 1046 tam
1088 998 1252 1061 putida
1275 997 1489 1057 tendant,

187 1085 287 1116 urci
307 1085 357 1115 er
379 1106 388 1114 .

818 1173 977 1199 DAVUS.

469 1245 549 1292 Ad
573 1254 636 1305 te,
661 1245 867 1306 inquam.

773 1386 1014 1412 HORATws.

863 1458 979 1507 Quo
1001 1467 1156 1520 pacto,
1179 1458 1416 1520 pessime?

817 1583 975 1610 DAvus.

1532 1655 1722 1705 Laudas

139 1725 397 1772 Fortunam
423 1732 470 1770 et
493 1738 645 1769 mores
665 1721 866 1782 antiquae
889 1721 1066 1782 plebis3
1103 1729 1150 1766 et
1175 1720 1317 1779 idern,

140 1792 192 1838 Si
217 1792 321 1852 quis
348 1791 404 1836 ad
431 1790 507 1834 illa
534 1790 649 1834 deus
674 1786 829 1834 subito
855 1796 901 1833 te
926 1796 1048 1848 agat,
1075 1802 1221 1847 usque
1241 1802 1457 1844 reonses3

140 1858 241 1904 Aut
264 1857 374 1917 quia
398 1871 491 1901 non
518 1855 678 1911 sentis,
703 1854 825 1914 quod
852 1853 1045 1910 clamas,
1072 1852 1247 1898 rectius
1272 1869 1390 1911 esse,
1654 1853 1720 1901 25

140 1923 240 1969 Aut
263 1924 372 1983 quia
397 1937 489 1967 non
515 1921 676 1966 firmus
701 1930 881 1965 rectum
908 1918 1138 1975 desendiS,
1163 1928 1210 1963 et
1235 1919 1399 1977 haeres,

138 1988 471 2049 Nequidquam
497 2002 633 2033 coeno
657 1985 854 2046 cupiens
878 1984 1076 2030 evellere
1100 1983 1322 2045 plantam.

138 2054 310 2101 Romae
335 2069 414 2099 rus
436 2063 595 2112 optas3
633 2052 875 2096 absentem
901 2050 1104 2095 rusticus
1129 2050 1292 2094 urbem

138 2119 290 2165 Tollis
316 2120 373 2164 ad
400 2127 521 2163 astra
547 2116 673 2161 levis.
748 2116 798 2160 Si
824 2130 1054 2175 nusquam
1079 2131 1130 2160 es
1158 2112 1274 2160 forte
1301 2122 1492 2160 vocatus

140 2185 218 2231 Ad
245 2199 446 2241 coenam,
472 2183 636 2228 laudas
661 2196 879 2226 securum
906 2181 1032 2226 olus:
1071 2196 1142 2237 ac,
1171 2180 1297 2225 velut
1322 2195 1518 2240 usq-iam
1652 2177 1717 2227 30

137 2250 341 2296 Vinctus
366 2265 462 2306 eas,
488 2249 551 2293 ita
574 2259 619 2292 te
645 2247 830 2291 felicem
855 2246 990 2302 dicis,
1016 2260 1253 2304 amasque,

135 2314 284 2365 Quod
312 2329 539 2374 nusquam
562 2313 643 2358 tibi
670 2312 727 2356 sit
751 2312 1022 2371 potandum.
1093 2309 1296 2354 Jusscrit
1320 2309 1379 2354 ad
1404 2324 1455 2356 se

138 2379 380 2426 Maecenas
405 2394 559 2425 serum
585 2378 672 2423 sub
697 2377 874 2422 lumina
898 2375 1049 2437 prima
1073 2375 1231 2420 venire

137 2446 422 2499 Convivam
463 2449 489 2467 “
509 2443 711 2488 Nemon’
739 2443 894 2487 oleum
924 2441 1037 2486 feret
1062 2439 1230 2486 ocius?
1265 2439 1427 2499 ecquis

136 2512 289 2558 Audit
301 2512 349 2556 ‘f'’
376 2526 484 2555 cum
511 2525 683 2569 magno
709 2508 906 2552 blateras
931 2508 1149 2563 clamore,
1178 2505 1397 2565 surisque.
1651 2504 1716 2552 35

137 2576 330 2622 Milvius
354 2586 400 2621 et
425 2590 612 2630 scrrrrae,
639 2574 721 2619 tibi
748 2589 841 2618 non
868 2572 1113 2617 referenda
1136 2571 1330 2631 precati,

136 2642 413 2687 Discedunt.
485 2640 674 2686 Etenim
703 2639 846 2684 fateor
871 2654 961 2694 me,
988 2637 1157 2682 dixerit
1181 2636 1274 2693 ille,

136 2707 259 2753 Duci
288 2718 446 2752 ventre
471 2706 647 2761 levein;
687 2720 850 2751 nasum
881 2704 1042 2748 nidore
1068 2702 1287 2762 supiiior3

136 2772 424 2828 Imbecillus,
451 2772 591 2827 iners,
617 2771 654 2816 si
679 2771 789 2830 quid
817 2770 899 2826 vis,
926 2769 1062 2824 adde,
1087 2767 1271 2827 popilio.

135 2837 232 2893 Tu,
257 2852 398 2897 quum
421 2836 483 2880 sis
507 2837 627 2895 quod
655 2852 758 2897 ego,
784 2845 830 2881 et
857 2833 1061 2879 fortassis
1086 2831 1296 2891 nequior,
1320 2830 1441 2877 ultro
1648 2828 1717 2878 ⁴10

137 2903 393 2957 Insectere,
422 2902 542 2945 velut
568 2901 762 2946 melior?
799 2900 1043 2959 verbisque
1069 2897 1252 2942 decoris

136 2968 372 3015 Obvolvas
396 2966 555 3011 vitium
578 2966 591 3010 3
658 2966 808 3021 Quid,
835 2965 870 3010 si
898 2979 971 3026 me
997 2963 1176 3007 stultior
1204 2963 1318 3022 ipso,

135 3033 430 3094 Quingentis
452 3040 608 3092 empto
632 3030 884 3086 drachmis,
911 3027 1252 3088 deprfinderis'?
1321 3023 1472 3072 Auser

139 3097 220 3146 Me
245 3099 373 3145 vultu
396 3107 569 3145 terrere
588 3112 600 3154 ς
637 3110 830 3142 manum
854 3094 1242 3154 stomachumque
1266 3100 1441 3149 teneto,
