1841 3349
55 153 146 199 154
584 148 636 195 Q.
667 145 908 187 HORATII
938 145 1143 185 FLACCI
1203 196 1211 199 -

115 267 406 327 Praeconem,
424 267 556 314 tenui
581 283 745 326 censu,
770 267 872 313 sine
897 266 1095 312 crimine
1119 273 1310 321 notum3
1628 261 1694 310 55

35 351 73 389 φα
114 333 178 380 Et
199 349 448 395 properare
470 333 590 392 loco,
615 342 662 379 et
685 348 886 390 cessare,
911 341 958 377 et
981 347 1206 392 quaerere,
1232 339 1280 376 et
1303 328 1387 388 uti,

114 400 414 446 Gaudentem
438 399 683 461 parvisque
709 398 947 444 sodalibus
971 407 1018 443 et
1041 397 1137 442 lare
1162 405 1306 454 certo,

116 464 179 513 Et
201 465 341 523 ludis,
367 473 429 523 et,
453 474 557 526 post
580 464 741 509 decisa
766 463 969 524 negotia,
996 462 1190 522 Campo.

118 535 147 555 “
170 531 344 577 Scitari
366 531 481 576 libet
503 546 562 575 ex
586 530 686 590 ipso
710 543 1002 588 quaecunque
1028 527 1199 572 refers:
1236 526 1314 571 dic

116 597 196 643 Ad
222 612 406 642 coenam
432 595 631 641 veniat.''
703 594 815 639 Non
841 591 954 638 sane
982 593 1173 637 credere
1201 590 1378 636 Mena:
1633 589 1697 636 60

118 661 282 708 Mirari
307 677 468 707 secum
488 661 672 706 tacitus,
741 659 876 708 Quid
902 658 1085 703 multa?
1123 661 1151 680 “
1179 654 1443 717 Benigne,''

118 728 409 788 Respondet.
481 730 509 750 “
532 726 691 787 Neget
715 725 791 771 ille
819 723 932 769 mihi
952 725 1000 768 2⁷²
1030 727 1058 746 “
1080 722 1240 784 Negat
1266 722 1520 783 improbUS‚
1546 730 1594 767 et
1617 730 1662 767 te

117 793 346 855 Negligit‚
372 802 452 838 aut
476 792 676 838 horret.''
752 790 992 836 Vulteium
1018 786 1157 834 mane
1185 788 1429 849 Philippus

117 860 244 906 Vilia
268 859 552 904 vendentem
576 857 787 903 tunicato
812 865 968 901 scruta
991 854 1173 916 popello

117 923 354 985 Occupat,
380 934 426 970 et
451 924 626 969 salvere
646 923 780 984 jubet
803 922 940 983 prior.
1012 919 1098 965 Ille
1124 919 1340 981 Philippo
1635 918 1700 964 65

118 990 359 1036 Excusare
383 990 590 1035 laborem
614 998 661 1034 et
687 987 979 1033 mercenaria
1002 986 1172 1043 vincla,

116 1054 266 1106 Quod
291 1071 386 1101 non
411 1053 551 1100 mane
578 1056 768 1100 domum
795 1053 1018 1108 venisset,
1057 1052 1276 1111 denique,
1301 1046 1425 1111 quod
1451 1065 1547 1096 non

117 1122 402 1169 Providisset
425 1137 547 1166 eum.
620 1124 647 1143 “
667 1120 748 1165 Sic
773 1119 1004 1180 ignouisse
1029 1127 1190 1178 putato

118 1187 200 1234 Me
225 1188 324 1246 tibi,
350 1188 388 1233 si
413 1203 574 1233 coenas
600 1187 737 1232 hodie
763 1185 996 1236 mecumss,²
1069 1187 1097 1206 “
1120 1183 1182 1228 Ut
1205 1182 1363 1228 libet.''
1436 1185 1464 1205 “
1491 1180 1619 1242 Ergo

118 1255 229 1300 Post
252 1269 426 1300 nonam
451 1253 637 1299 venies:
676 1267 805 1298 nunc
830 1252 861 1308 i,
887 1266 985 1296 rem
1012 1258 1229 1295 strenuus
1254 1248 1421 1310 auge.''
1637 1246 1699 1292 70

118 1319 182 1366 Ut
205 1329 396 1365 ventum
422 1320 480 1364 ad
506 1335 689 1364 coenam
717 1327 802 1374 est,
829 1317 1031 1361 dicenda
1055 1315 1256 1360 tacenda
1280 1315 1479 1371 locutus,

119 1385 342 1432 Tandem
369 1385 621 1430 dormitum
646 1384 907 1429 dimittitur.
981 1381 1093 1438 Hic,
1120 1381 1199 1425 ubi
1224 1377 1347 1441 saepe

118 1450 376 1497 Occultum
402 1451 527 1495 visus
552 1450 802 1495 decurrere
829 1447 970 1509 piscis
997 1447 1054 1492 ad
1081 1447 1289 1504 hamum,

120 1515 267 1564 Mane
294 1517 460 1574 cliens,
485 1525 531 1561 et
550 1515 647 1576 jam
674 1524 830 1560 certus
855 1513 1065 1570 conviva,
1087 1512 1276 1572 jubetur

120 1584 257 1630 Rura
280 1583 550 1628 suburbana
575 1580 768 1626 indictis
793 1595 952 1624 comes
978 1579 1043 1623 ire
1069 1577 1264 1622 Latinis,
1636 1576 1699 1621 75

119 1649 373 1711 Impositus
397 1647 583 1693 mannis
609 1662 769 1692 arvum
795 1645 1059 1704 coelumque
1088 1643 1317 1688 Sabinum

120 1714 234 1762 Non
259 1723 413 1760 cessat
435 1713 641 1759 laudare.
712 1712 872 1767 Videt,
897 1710 1109 1769 ridetque
1136 1708 1408 1770 Philippus:

119 1781 198 1839 Et,
224 1781 311 1826 sibi
337 1780 449 1824 dum
474 1778 700 1839 requiem,
726 1777 839 1821 dum
864 1777 983 1821 risus
1009 1774 1215 1833 undique
1239 1773 1419 1834 quaerit,

119 1846 246 1893 Dum
272 1854 450 1907 septem
475 1845 618 1890 donat
641 1842 868 1899 sestertia,
896 1850 1059 1886 mutua
1083 1849 1261 1899 septem

120 1912 370 1970 Promittit,
394 1910 644 1972 persuadet
667 1906 735 1954 uti
761 1916 994 1954 mercetur
1020 1905 1237 1967 agellum.
1634 1902 1699 1950 80

121 1977 389 2024 Mercatur:
427 1993 486 2022 ne
511 1986 556 2022 te
581 1976 734 2037 longis
761 1973 1038 2034 ambagibus
1064 1969 1185 2017 ultra

119 2042 285 2094 Quam
310 2040 422 2089 satis
446 2051 516 2088 est
540 2057 692 2087 morer
714 2058 723 2096 3
762 2057 819 2086 ex
840 2039 989 2084 nitido
1013 2038 1063 2084 fit
1087 2037 1306 2093 rusticuS,
1333 2042 1470 2097 atque

124 2109 293 2156 Sulcos
317 2118 363 2154 et
388 2108 543 2153 vineta
568 2116 728 2167 crepat
753 2122 896 2163 mera,
922 2113 1149 2165 praeparat
1174 2102 1338 2159 ulmos,

122 2174 394 2220 Immoritur
420 2173 602 2229 studiis,
628 2181 674 2217 et
699 2187 854 2217 amore
879 2170 1084 2215 senescit
1109 2167 1327 2214 habendi.

121 2238 304 2286 Verum
329 2239 408 2284 ubi
433 2254 543 2284 oves
567 2238 704 2295 furto,
730 2237 892 2282 morbo
915 2233 1099 2296 periere
1124 2232 1332 2299 capellae,
1634 2231 1699 2278 85

123 2306 268 2367 Spem
293 2304 488 2350 mentita
511 2319 662 2364 seges,
690 2303 772 2347 bos
791 2311 861 2347 est
884 2309 1079 2346 enectus
1104 2298 1306 2352 arand03

122 2371 347 2417 Offensus
372 2369 572 2427 damnis,
599 2368 754 2413 media
780 2367 837 2412 de
864 2375 1002 2411 nocte
1027 2364 1261 2410 caballum

127 2437 320 2498 Arripit,
347 2436 582 2495 iratusque
611 2433 813 2494 Philippi
838 2431 989 2477 tendit
1014 2431 1071 2476 ad
1098 2431 1235 2475 aedes.

121 2502 285 2552 Quem
311 2501 447 2547 simul
473 2500 652 2562 aspexit
677 2499 896 2544 scabrum
918 2498 1247 2556 intonsumque
1273 2494 1533 2555 Philippus,

125 2572 154 2592 “
177 2567 383 2625 Durus,'’
413 2567 490 2624 ait,
517 2571 545 2589 “
568 2565 746 2622 Vultei,
772 2564 912 2609 nimis
937 2571 1234 2622 attentusque
1259 2560 1428 2615 videris
1635 2558 1699 2605 90

123 2633 241 2680 Esse
266 2633 425 2678 mihi.''
499 2635 527 2655 “
550 2631 648 2689 Pol,
674 2646 747 2676 me
775 2630 1014 2686 miserum,
1040 2637 1249 2689 patrone,
1275 2641 1480 2683 vocares,

126 2699 178 2744 Si
203 2699 390 2757 velles,''
414 2698 580 2758 inquit,
607 2700 635 2720 “
663 2711 823 2741 verum
850 2695 964 2740 mihi
985 2709 1157 2755 ponere
1183 2708 1370 2738 nomen.

123 2763 271 2813 Quod
296 2773 341 2808 te
366 2779 446 2823 per
472 2762 696 2819 Genium,
721 2762 1041 2820 dextramque,
1063 2759 1266 2817 deosque
1291 2757 1493 2803 Penates

125 2828 340 2875 Obsecro
365 2837 412 2873 et
434 2829 655 2883 obtestor,
681 2827 785 2872 vitae
810 2842 884 2871 me
909 2825 1053 2870 redde
1077 2823 1264 2883 priori.’'

190 2893 293 2942 Qui
319 2893 462 2938 semel
489 2893 668 2952 aspexit
692 2889 919 2951 quantum
945 2889 1135 2935 dimissa
1158 2887 1315 2948 petitis
1636 2884 1700 2931 95

127 2959 372 3016 Praestent‚
398 2955 579 3002 mature
606 2958 781 3013 redeat,
803 2965 1071 3016 repetatque
1099 2954 1274 2999 relicta.

129 3024 289 3071 Metiri
314 3039 364 3070 se
388 3037 619 3085 quemque
646 3037 731 3067 suo
757 3021 945 3066 modulo
970 3035 1025 3065 ac
1049 3019 1168 3081 pede
1195 3016 1356 3064 'verum
1379 3025 1463 3072 est.
