1841 3349
667 170 718 216 Q.
750 171 993 210 IIORATII
1022 170 1227 221 FLACCI

589 289 867 335 Refraenare
892 290 1149 349 licentiam,

325 352 494 400 Clarus
517 356 820 414 postgenitis:
859 364 1107 415 quatenus,
1134 357 1225 401 heu
1250 356 1407 403 nefas!

591 419 827 465 Virtutem
854 421 1137 466 incolumem
1163 422 1366 480 odimus,

328 484 571 531 Sublatam
597 500 652 530 ex
678 486 829 530 oculis
853 486 1120 545 quaerimus,
1147 487 1306 532 invidi.

588 550 723 599 Quid
749 552 904 595 tristes
928 552 1250 610 querimoniae,

327 615 379 661 Si
404 631 498 662 non
524 616 753 675 supplicio
778 615 917 674 culpa
941 616 1198 660 reciditur?

588 680 723 729 Quid
748 678 892 741 leges,
918 680 1019 725 sine
1044 681 1252 727 moribus

328 747 496 803 Vanae,
522 746 806 807 proficiunt?
844 746 880 790 si
907 761 1059 805 neque
1086 747 1273 792 fervidis

589 811 703 856 Pars
729 811 911 856 inclusa
934 811 1168 857 caloribus

327 876 516 935 Mundi,
541 892 633 923 nec
659 877 818 922 Boreae
840 877 1089 921 finitimum
1116 878 1253 936 latus,

590 941 876 1001 Durataeque
903 942 999 987 solo
1025 943 1171 1000 nives,

328 992 643 1053 Mercatorem
670 1007 900 1067 abigunt?
937 1007 1124 1052 horrida
1148 1007 1308 1053 callidi

594 1072 808 1117 Vincunt
835 1087 1020 1132 aequora
1045 1073 1244 1118 navitae?

328 1137 560 1201 Magnum
587 1138 835 1199 pauperies
858 1138 1156 1198 opprobrium
1178 1138 1313 1199 jubet

589 1203 796 1253 Quidvis
821 1214 867 1249 et
893 1204 1046 1249 facere
1070 1214 1116 1249 et
1139 1204 1252 1265 pati,

327 1270 620 1330 Virtutisque
647 1270 765 1315 viam
793 1271 1009 1315 deserere
1036 1270 1229 1315 arduae'l

592 1335 681 1380 Vel
708 1352 793 1381 nos
818 1336 864 1380 in
892 1335 1193 1395 Capitolium,

326 1399 444 1452 Quo
469 1401 645 1446 clamor
671 1410 804 1446 vocat
827 1410 873 1446 et
898 1401 1034 1445 turba
1059 1400 1330 1459 faventium,

591 1466 680 1511 Vel
709 1482 795 1512 nos
823 1466 869 1511 in
895 1481 1023 1511 mare
1048 1467 1312 1526 proximum

327 1531 570 1590 Gemmas,
595 1541 642 1577 et
664 1532 859 1592 lapidea
887 1547 1049 1576 aurum
1075 1541 1123 1577 et
1147 1532 1329 1590 inutile,

594 1598 778 1642 Summi
804 1598 1046 1642 materiam
1072 1597 1200 1654 mali,

329 1661 592 1721 Mittamus,
619 1663 850 1708 scelerum
876 1664 913 1708 si
939 1663 1060 1707 bene
1085 1663 1293 1723 poenitet.

593 1728 845 1773 Eradenda
871 1728 1106 1788 cupidinis

328 1794 465 1841 Pravi
491 1803 599 1839 sunt
625 1794 884 1848 elementa3
922 1802 968 1838 et
993 1802 1166 1838 tenerae
1190 1793 1333 1838 nimis

594 1858 782 1904 Mentes
808 1859 1119 1919 asperioribus

327 1924 610 1973 Formandae
636 1925 814 1970 studiis.
875 1923 1045 1969 Nescit
1067 1939 1188 1984 equo
1212 1923 1343 1970 rudis

593 1990 788 2036 Haerere
815 1991 1049 2051 ingenuus
1073 2005 1204 2050 puer,

328 2056 599 2118 Venarique
625 2057 782 2111 timet3
821 2056 983 2100 ludere
1009 2056 1203 2113 doctior,
1239 2076 1244 2077 ⁷

594 2123 689 2168 Seu
714 2123 883 2167 Graeco
903 2121 1070 2181 jubeas
1095 2121 1276 2178 trocho,

330 2189 428 2236 Seu
454 2189 588 2234 malis
613 2189 754 2233 vetita
783 2187 964 2248 legibus
990 2186 1119 2231 alea:

591 2254 756 2302 Quum
783 2254 967 2314 perjura
990 2252 1134 2312 patris
1158 2250 1275 2296 fides

328 2319 608 2368 consortem
635 2320 814 2364 socium
843 2319 968 2363 fallat
992 2328 1038 2362 et
1063 2317 1309 2377 hospitem,

596 2385 892 2445 Indignoque
917 2383 1169 2444 pecuniam

333 2450 524 2498 Hoeredi
549 2461 775 2512 properet.
837 2450 1029 2495 Scilicet
1055 2447 1277 2508 improbae

593 2516 828 2561 Crescunt
854 2515 1054 2560 divitiae:
1091 2523 1250 2559 tamen

330 2580 491 2631 Curtae
515 2582 676 2628 nescio
699 2582 809 2642 quid
835 2596 1017 2642 semper
1043 2580 1175 2625 abest
1198 2577 1281 2624 rei.

806 2839 945 2888 ODE
980 2835 1123 2884 XIX.

790 2955 857 2985 AD
883 2951 1134 2985 BAccuuu.

595 3033 713 3085 (ὶῐιὸ
738 3051 830 3094 me,
857 3034 1062 3090 Bacche,
1086 3033 1210 3095 rapis
1232 3032 1302 3080 tui

335 3102 569 3153 Plenum‘l
601 3101 728 3152 Qum
752 3116 961 3160 nemora,
984 3113 1100 3161 quos
1123 3115 1236 3162 agor
1259 3100 1309 3147 in
1332 3111 1518 3161 specus,

1715 356 1780 403 30

1717 1006 1784 1054 40

1719 1335 1784 1382 45

1719 1661 1784 1708 50

1717 2314 1784 2363 CO
