1841 3349
461 219 873 261 EPISTOLARUM
902 217 1010 258 LIB.
1041 218 1169 266 1.,13.
1201 223 1264 260 14.

587 401 927 450 EPISTOLA
973 401 1119 449 XIII.

577 517 644 548 AD
669 517 851 548 VINIUM
874 516 1117 547 ASELLAM.

99 606 173 651 U'r
195 601 573 666 proficiscentem
597 600 738 647 docui
763 609 808 646 te
833 597 957 661 saepe
984 599 1175 660 diuque,

97 672 317 731 Augusto
340 668 509 714 reddes
534 666 718 728 signata
741 667 995 723 volumina,
1021 665 1153 724 Vini,

99 737 150 782 Si
177 735 373 792 validus,
395 733 433 778 si
458 734 592 779 laetus
616 734 719 791 erit,
745 732 783 777 si
809 732 1013 791 denique
1037 739 1233 792 poscet3

96 800 175 848 Ne
201 801 355 846 studio
379 800 523 844 nostri
549 815 736 860 pecces,
761 798 1015 857 odiumque
1041 797 1209 842 libellis

98 867 302 914 Sedulus
322 866 542 926 importes
561 864 704 925 opera
724 864 1002 909 vehemente
1027 862 1254 908 minister.

97 933 150 979 Si
174 942 220 978 te
246 930 361 978 forte
389 947 506 976 meae
531 930 683 992 gravis
708 938 811 975 uret
832 928 1017 973 sarcina
1041 929 1234 987 chartae,

97 999 306 1060 Abjicito
329 996 501 1069 potius,
527 1012 667 1056 quam
692 993 784 1055 quo
805 994 1008 1055 perferie
1025 993 1204 1054 juberis

98 1064 311 1110 Clitellas
337 1062 495 1108 ferus
485 1062 734 1135 lmpingas,
764 1061 1018 1119 Asinaeque
1043 1071 1290 1119 paternum

97 1131 378 1192 Cognomen
405 1138 554 1174 vertas
579 1128 626 1173 in
652 1127 813 1184 risum,
840 1136 886 1171 et
912 1125 1067 1170 fabula
1091 1125 1188 1170 fias

99 1197 292 1243 Viribus
317 1196 461 1240 uteris
485 1210 566 1266 per
591 1193 751 1249 clivos,
777 1192 988 1247 flumina,
1013 1191 1174 1236 lamas.

98 1263 262 1309 Victor
286 1260 508 1334 propositi
534 1259 672 1304 simul
698 1275 753 1303 ac
777 1256 1046 1319 perveneris
1071 1257 1199 1314 illuc,

99 1330 180 1376 Sic
202 1327 405 1389 positum
427 1326 631 1371 servabis
655 1340 790 1381 onus,
817 1339 877 1368 ne
904 1320 1020 1368 forte
1047 1323 1134 1366 sub
1159 1322 1233 1367 ala

98 1393 401 1441 Fasciculum
426 1401 581 1454 portes
604 1363 844 1447 libroruin,
871 1397 921 1433 ut
941 1388 1143 1433 rusticus
1169 1404 1362 1450 agnum,

97 1460 161 1508 Ut
179 1461 341 1506 vinosa
364 1459 542 1520 glomos
568 1457 747 1502 furtivae
767 1455 964 1516 Pyrrhia
987 1454 1125 1514 lanae,

98 1527 162 1574 Ut
180 1542 289 1573 cum
312 1525 482 1587 pileolo
507 1524 656 1570 soleas
680 1522 879 1568 conviva
902 1520 1099 1566 tribulis.

97 1592 175 1640 Ne
199 1590 338 1652 vulgo
365 1607 527 1637 narres
551 1599 597 1635 te
622 1588 862 1634 sudavisse
888 1586 1084 1632 ferendo

98 1658 324 1705 Carmina
346 1672 449 1717 quae
473 1656 654 1718 possint
676 1654 838 1700 oculos
863 1667 1090 1712 auresque
1115 1651 1286 1697 morari

97 1724 323 1771 Caesaris:
349 1732 507 1768 oratus
531 1721 678 1767 multa
702 1735 858 1781 prece,
884 1719 1033 1764 nitere
1058 1722 1210 1778 porro.

99 1790 249 1849 Vade,
274 1788 401 1845 vale3
440 1804 554 1834 cave
578 1803 638 1833 ne
663 1786 852 1843 titubes,
877 1784 1193 1843 mandataque
1217 1783 1418 1846 frangas.

593 2048 931 2096 EPISTOLA
977 2045 1120 2095 XIV.

606 2165 673 2195 AD
696 2165 934 2196 VILLICUM
959 2165 1107 2196 SUUM.

105 2254 307 2301 VILLICE
333 2249 553 2296 silvarum
577 2257 624 2294 et
647 2248 763 2294 mihi
789 2265 863 2294 me
888 2249 1132 2295 reddentis
1157 2248 1313 2311 agelli,

97 2318 260 2369 Quem
284 2326 336 2363 tu
361 2315 555 2373 fastidis,
582 2314 840 2360 habitatum
865 2315 1070 2376 quinque
1096 2315 1227 2373 focis,
1253 2322 1301 2360 et

98 2385 325 2444 Quinque
351 2383 497 2428 bonos
521 2381 709 2426 solitum
734 2380 927 2426 Variam
952 2380 1187 2427 dimittere
1213 2389 1397 2442 patres;

98 2449 364 2506 Certemus,
391 2448 548 2507 spinas
573 2447 792 2492 animone
817 2462 905 2507 ego
931 2445 1110 2505 fortius,
1137 2463 1196 2492 an
1221 2456 1273 2492 tu

99 2515 287 2562 Evellas
312 2528 448 2573 agro3
486 2521 533 2557 et
556 2512 718 2557 melior
744 2513 802 2556 sit
826 2512 1067 2570 Horatius,
1094 2530 1154 2558 an
1179 2528 1267 2559 res.

166 2579 247 2624 Me
271 2577 483 2638 quamvis
507 2576 685 2621 Lamiae
709 2577 857 2636 pietas
882 2588 929 2622 et
951 2594 1066 2623 cura
1090 2586 1312 2633 moratur,

100 2645 314 2692 Fratrem
339 2641 596 2698 moerentis,
622 2651 754 2701 rapto
778 2642 836 2686 de
861 2642 999 2687 fratre
1026 2642 1228 2687 dolentis

100 2709 442 2763 Insolabiliter3
479 2717 636 2751 tamen
664 2706 818 2750 isthuc
843 2722 977 2751 mens
1002 2708 1280 2766 animusque

99 2777 228 2834 Fert,
254 2783 301 2821 et
325 2782 449 2819 amat
472 2772 631 2833 spatiis
654 2771 886 2816 obstantia
911 2787 1129 2832 rumpere
1155 2772 1369 2817 claustra„

90 2843 235 2890 ·Rure
259 2856 347 2901 ego
372 2839 622 2895 viventem,
647 2846 698 2882 tu
723 2837 877 2882 dicis
866 2854 914 2882 in
941 2838 1071 2892 urbe,
1098 2838 1313 2883 beatum:

99 2908 192 2955 Cui
216 2907 372 2968 placet
395 2903 601 2961 alterius,
627 2919 711 2948 sua
735 2903 957 2948 nimirum
983 2912 1053 2948 est
1075 2903 1182 2949 odio
1207 2919 1318 2948 sors.

100 2974 283 3021 Stultus
307 2980 501 3030 uterque
525 2969 679 3014 locum
705 2968 989 3014 immeritum
1017 2978 1236 3015 causatur
1262 2966 1450 3030 inique3

99 3039 161 3085 In
186 3038 325 3098 culpa
350 3044 421 3081 est
445 3034 644 3091 animus,
669 3035 748 3095 qui
774 3051 822 3079 se
847 3050 941 3080 non
966 3035 1130 3095 effugit
1154 3050 1377 3095 unquam.

100 3105 181 3152 Tu
208 3101 516 3149 mediastinus
539 3099 684 3145 tacita
706 3116 846 3162 prece
873 3116 980 3145 rura
1001 3101 1211 3161 petebas,

100 3170 248 3218 Nunc
272 3168 436 3214 urbem
460 3175 508 3211 et
530 3166 665 3211 ludos
687 3175 734 3212 et
757 3166 927 3212 balnea
951 3166 1133 3212 villicus
1156 3174 1315 3227 optas:

1586 214 1701 271 ιω

1627 1192 1686 1239 10

1627 1521 1687 1568 15

1627 2838 1684 2883 10

1625 3164 1684 3211 16
