1841 3349
575 233 600 260 ο
620 182 670 228 Q.
702 181 945 222 HORATII
974 180 1182 221 FLACCI

405 299 617 360 Tellure,
642 302 870 348 victorum
893 309 1090 363 nepotes

470 366 658 414 Retulit
681 367 872 414 inferias
896 367 925 412 J
929 366 1157 428 ugurthae.

337 432 466 483 Quis
489 449 601 491 non,
622 432 793 479 Latino
818 433 1048 493 sanguine
1071 430 1308 493 pinguior,

341 498 552 560 Campus
576 499 802 560 sepulcris
827 498 967 558 impia
991 497 1155 559 proelia

406 563 647 622 Testatur,
673 565 977 623 auditumque
1003 562 1162 608 Medis

473 628 718 690 Hesperiae
744 629 946 678 sonitum
970 628 1159 673 'ruinae'l

339 694 441 744 Qui
465 710 653 756 gurgeS,
680 689 759 740 aut
781 710 884 755 quae
909 692 1104 746 flumina
1126 691 1337 754 lugubris

340 759 515 823 Ignara
540 760 681 806 belli?
717 761 839 820 quod
865 775 992 804 mare
1013 758 1214 812 Dauniae

406 825 519 873 Non
544 824 873 872 decoloravere
899 825 1087 870 caedes'?

469 891 596 940 Quae
621 902 750 938 caret
773 907 854 937 ora
878 893 1043 936 cruore
1063 889 1254 935 nostro?

341 956 438 1003 Sed
462 972 540 1015 ne,
565 957 757 1015 relictis,
784 956 924 1001 Musa
946 971 1135 1015 procax,
1156 954 1293 1016 jociS,

341 1021 455 1068 Ceae
478 1031 701 1068 retractes
726 1036 923 1066 munera
947 1020 1158 1065 Naeniae:

408 1085 604 1133 Mecum
629 1087 828 1140 Dionaeo
875 1086 962 1131 sub
986 1094 1120 1131 antro

479 1154 659 1205 Quaere
684 1153 848 1199 modos
870 1152 1042 1197 leviore
1065 1151 1257 1212 plectro.

788 1412 927 1458 ODE
962 1412 1013 1457 ΙΙ

575 1529 642 1560 AD
667 1527 882 1558 CRISPUM
908 1525 1230 1565 SALLUSTIUM.

408 1608 459 1660 N
462 1628 613 1660 ULLus
639 1618 832 1672 argento
856 1609 982 1654 color
1006 1617 1076 1654 est
1100 1607 1250 1653 avaris

409 1679 589 1725 Abdito
607 1676 758 1734 terris,
785 1675 976 1720 inimice
1000 1675 1171 1720 lamnae

408 1744 577 1806 Crispe
602 1741 808 1797 Sallusti,
833 1740 922 1785 nisi
947 1748 1206 1800 temperato

739 1805 996 1867 Splendeat
1019 1821 1121 1850 usu.

409 1874 550 1922 Vivet
572 1868 762 1920 extento
787 1871 1060 1916 Proculeius
1085 1885 1198 1926 aevo,

411 1939 568 1986 Notus
593 1939 641 1984 in
668 1938 830 1983 fratres
855 1936 998 1996 animi
1023 1935 1232 1996 paterni:

414 2004 559 2052 Illum
583 2012 691 2065 aget
712 2002 871 2064 penna
896 2010 1146 2047 metuente·
1162 1999 1275 2046 solvi

741 2067 890 2112 Fama
914 2075 1161 2126 superstes.

412 2134 578 2182 Latius
601 2148 771 2194 regnes
796 2132 981 2177 avidum
1003 2130 1245 2176 ⁴domando

413 2201 655 2262 Spiritum,
681 2196 821 2258 quam
847 2197 884 2242 si
910 2197 1106 2255 Libyam
1131 2194 1324 2241 remotis

411 2265 624 2312 Gadibus
644 2264 831 2326 jungas,
856 2275 902 2308 et
926 2271 1118 2322 uterque
1143 2260 1319 2307 Poenus

529 2377 533 2380 Α
654 2338 659 2342 “
743 2329 925 2374 Serviat
949 2328 1046 2372 uni.

413 2396 599 2443 Crescit
623 2395 873 2455 indulgens
898 2393 985 2438 sibi
1010 2393 1137 2438 dirus
1157 2392 1387 2452 hydrops;

413 2462 520 2508 Nec
545 2462 667 2507 sitim
692 2460 839 2520 pellit,
865 2459 955 2504 nisi
982 2473 1125 2503 causa
1149 2456 1299 2503 morbi

392 2527 613 2589 ·Fugerit
636 2526 783 2581 venis,
809 2534 856 2569 et
880 2539 1080 2584 aquosus
1105 2523 1210 2568 albo

747 2590 954 2650 Corpore
980 2589 1192 2649 languor.

417 2658 680 2706 Redditum
707 2656 818 2716 Cyri
845 2655 959 2700 solio
984 2654 1234 2710 Phraaten,

414 2723 663 2770 Dissidens
687 2721 827 2782 plebi,
852 2736 1048 2765 numero
1073 2719 1314 2764 beatorum

418 2788 597 2834 Eximit
622 2789 810 2841 Virtus;
847 2785 1163 2846 populumque
1189 2781 1316 2827 falsis

748 2851 962 2897 Dedocet
985 2849 1052 2894 uti

419 2918 656 2972 Vocibus3
693 2932 889 2977 regnum
916 2925 963 2961 et
997 2913 1215 2959 diadema
1232 2919 1384 2958 tutum

420 2982 652 3030 Deferens
676 2982 773 3038 uni,
799 2981 1121 3042 propriamque
1140 2978 1341 3031 laurum,

419 3048 654 3109 Quisquis
678 3047 893 3108 ingentes
916 3045 1053 3091 oculo
1078 3044 1291 3090 irretorto

754 3112 945 3172 Spectat
970 3124 1173 3155 acervos,
1346 3114 1361 3117 “’

1660 493 1726 542 30

1660 820 1727 868 35

1662 1147 1728 1195 40

1669 2192 1730 2240 10

1667 2519 1730 2567 15

1666 2842 1734 2891 20
