1841 3349
537 161 951 201 EPISTOLARUM
981 137 1090 202 ΠΒ.
1110 133 1181 204 Π.
1211 167 1248 204 2.
1638 171 1722 220 181

141 275 295 328 Quod
319 295 413 326 non
436 278 572 342 plura
595 280 717 326 datis
743 281 975 328 invenerit
995 298 1003 328 :
1041 292 1088 329 et
1112 293 1271 331 tamen
1298 285 1423 332 idem

144 344 279 391 Scire
303 345 456 391 volam
479 343 707 405 quantum
734 346 932 408 simplex
957 348 1211 410 hilarisque
1235 352 1396 412 nepoti

140 407 405 472 Discrepet‚
431 419 478 456 et
501 408 730 470 quantum
757 412 996 459 discordet
1019 431 1190 475 parcus
1215 432 1368 462 avaro.

138 475 461 532 Distatenim,
487 491 679 537 spargas
704 486 785 523 tua
808 480 1047 540 prodigus,
1076 497 1134 526 an
1161 498 1316 543 neque
1342 492 1581 545 sumptum
1630 485 1723 533 195

138 540 321 587 Invitus
345 541 504 599 facias,
531 558 683 603 neque
704 543 838 604 plura
856 561 1019 606 parare
1045 546 1254 604 labores;
1421 552 1423 555 ’

137 607 214 652 Ac
227 603 400 667 potiuS‚
426 623 542 668 puer
567 617 618 653 ut
644 608 772 654 festis
791 610 1172 673 Quinquatribus
1196 614 1324 673 olim,

136 672 324 733 Exiguo
348 681 573 734 gratoque
600 674 767 720 fruaris
790 685 999 737 tempore
1025 679 1206 738 raptim.

200 741 230 761 “
256 737 513 799 Pauperies
538 739 783 785 immunda
806 743 967 802 procul
992 744 1156 804 procul
1182 745 1325 790 absit:
1363 738 1468 808 ego,
1494 744 1654 794 utrum

131 802 269 849 Nave
295 804 414 849 ferar
438 805 612 865 magna
638 822 696 850 an
721 807 879 867 parva,
907 808 1026 853 ferar
1052 825 1175 855 unus
1199 819 1245 856 et
1267 811 1407 858 idem.
1621 813 1720 861 200

131 868 245 915 Non
265 871 448 931 agimur
472 871 665 916 tumidis
685 873 798 917 velis
820 874 1056 934 Aquilone
1082 877 1320 934 secund03

129 933 244 981 Non
269 945 428 982 tamen
455 936 660 982 adversis
686 947 869 984 aetatem
895 941 1113 986 ducimus
1138 942 1355 1000 Austris;

129 1000 340 1060 Viribus,
365 1002 575 1063 ingenio,
601 1004 775 1063 specie,
802 1005 986 1064 virtute,
1011 1007 1132 1065 loco,
1153 1024 1219 1066 re,

128 1065 342 1113 Extremi
366 1068 641 1128 primorum,
666 1070 887 1116 extremis
912 1087 1060 1132 usque
1082 1074 1277 1134 priores.

197 1136 226 1156 “
244 1132 357 1180 Non
377 1150 428 1179 es
448 1149 613 1179 avarus
631 1151 640 1179 :
678 1136 767 1181 abi.
826 1136 997 1186 Quid?
1034 1148 1205 1185 caetera
1219 1140 1317 1201 jam
1337 1140 1476 1187 simul
1496 1141 1584 1189 isto
1617 1143 1715 1190 205

127 1197 253 1244 Cum
278 1199 388 1245 vitio
413 1198 611 1260 fugere?
647 1210 775 1246 caret
801 1202 885 1248 tibi
909 1213 1075 1264 pectus
1101 1205 1230 1252 inani

130 1264 442 1311 Ambitione?
478 1276 607 1312 caret
632 1269 794 1313 mortis
820 1269 1083 1328 formidine,
1110 1280 1156 1316 et
1179 1272 1283 1317 ira?

127 1330 338 1389 Somnia,
364 1340 562 1377 terrores
587 1333 812 1393 magicos,
839 1335 1081 1394 miracula,
1107 1353 1259 1398 sagas,

124 1395 400 1443 Nocturnos
423 1398 629 1443 lemures
652 1408 959 1461 portentaque
986 1401 1219 1449 Thessala
1243 1403 1400 1450 rides?

123 1462 320 1509 Natales
343 1462 476 1525 grate
503 1466 758 1510 numeras?
797 1467 1003 1527 ignoscis
1029 1469 1228 1515 amicis?
1614 1473 1712 1520 210

124 1527 298 1575 Lenior
322 1538 369 1575 et
392 1529 555 1576 melior
580 1530 634 1575 fis
655 1533 912 1578 accedente
937 1535 1164 1580 senecta?

122 1593 259 1644 Quid
283 1603 328 1640 te
354 1605 571 1657 exempta
588 1596 719 1656 juvat
743 1598 890 1658 spinis
915 1600 973 1644 de
998 1600 1210 1660 pluribus
1229 1603 1356 1648 una?

124 1658 296 1706 Vivere
322 1659 508 1707 sirecte
535 1662 708 1720 nesciS‚
734 1664 913 1710 decede
938 1666 1112 1726 peritis.

122 1724 298 1772 Lusisti
323 1725 450 1785 satis,
477 1727 615 1773 edisti
641 1726 754 1774 saus
779 1739 915 1791 atque
942 1731 1098 1778 bibisti
1121 1749 1130 1778 ε

123 1791 339 1855 Tempus
364 1793 493 1839 abire
518 1793 603 1840 tibi
628 1803 714 1853 est,
740 1811 799 1841 ne
824 1806 985 1857 potum
1010 1796 1189 1860 largius
1215 1814 1347 1862 aequo
1488 1834 1493 1839 -
1610 1803 1708 1852 215

123 1854 302 1905 Rideat
324 1868 371 1906 et
393 1859 547 1922 pulset
569 1860 745 1907 lasciva
769 1861 1017 1911 decentius
1037 1866 1193 1911 aetas.’'
