1841 3349
104 153 193 202 160
643 150 694 197 Q.
723 149 965 190 HORATII
994 148 1199 189 FLACCI

164 268 248 317 Me
270 277 486 317 constare
509 268 624 315 mihi
649 269 757 328 sciS,
782 278 830 316 et
853 268 1098 314 discedere
1122 267 1319 325 tristem,

160 334 563 396 Quandocunque
587 335 779 381 trahunt
802 334 950 380 invisa
973 333 1164 394 negotia
1187 333 1392 378 Romam

164 400 277 448 Non
300 402 467 448 eadem
495 401 744 456 miramur3
781 397 839 446 eo
862 399 1157 444 disconvenit
1180 398 1300 444 inter

164 465 339 527 Meque
362 476 410 512 et
433 476 477 511 te
497 482 505 511 ;
540 481 669 522 nam,
693 480 796 525 quae
821 465 1004 509 deserta
1028 473 1075 509 et
1099 463 1332 524 inhospita
1355 470 1520 522 tesqua

163 530 349 590 Credis,
375 547 560 577 amoena
584 540 717 576 vocat
742 545 927 575 mecum
953 529 1031 588 qui
1057 528 1213 585 sentit,
1238 538 1285 574 et
1308 528 1408 574 odit

166 597 293 648 Quae
317 607 368 644 tu
391 597 587 658 pulchra
610 604 758 656 putas.
830 593 868 638 F
872 594 1007 640 ornix
1030 593 1114 638 tibi
1138 603 1185 638 et
1209 602 1354 638 uncta
1375 592 1548 654 popina

165 664 412 712 Incutiunt
436 662 564 706 urbis
589 660 889 716 desiderium,
916 658 1073 713 vide03
1111 667 1157 704 et
1181 655 1305 718 quod

170 729 386 790 Angulus
411 728 499 773 iste
526 727 641 771 feret
666 725 795 786 piper
820 733 866 769 et
890 725 998 769 thus
1022 721 1156 769 ocius
1181 724 1298 779 uvag

165 796 273 843 Nec
298 794 453 839 vicina
477 792 651 848 subest,
678 791 838 835 vinum
862 790 1068 850 praebere
1094 790 1289 835 taberna

162 860 291 912 Quae
315 859 459 921 possit
482 858 563 902 tibi
586 874 594 911 ;
633 872 723 901 nec
749 854 967 900 meretrix
991 855 1201 911 tibicina,
1227 854 1362 915 cujus

165 928 245 973 Ad
269 925 510 984 strepitum
538 922 675 967 salias
699 931 832 966 terrae
853 921 1017 980 gravis.
1089 920 1150 965 Et
1174 931 1330 964 tamen
1357 934 1496 980 urges

165 990 456 1051 ,Iampridem
484 1004 578 1034 non
603 997 728 1032 tacta
751 986 987 1047 ligonibus
1012 1001 1134 1042 arva,
1161 985 1418 1044 bovemque

166 1057 470 1118 Disjunctum
497 1070 650 1109 curas,
678 1062 725 1097 et
749 1051 921 1096 strictis
948 1051 1189 1097 frondibus
1209 1050 1391 1111 exples:

168 1123 318 1169 Addit
341 1137 458 1182 opus
481 1119 615 1180 pigro
640 1118 781 1174 rivus,
807 1116 845 1161 si
871 1116 1048 1162 decidit
1073 1117 1236 1173 imber,

167 1188 321 1234 Multa
346 1187 467 1232 mole
492 1185 736 1231 docendus
761 1182 917 1243 aprico
940 1198 1131 1243 parcere
1155 1190 1300 1243 prato.

233 1253 396 1310 Nunc,
417 1267 520 1312 age,
545 1250 656 1310 quid
683 1258 890 1295 nostrum
917 1257 1200 1293 concentum
1227 1247 1417 1305 dividat,
1445 1246 1567 1292 audi.

166 1319 329 1369 Quem
354 1327 521 1363 tenues
546 1314 752 1361 decuere
776 1324 897 1374 togae
924 1314 1151 1374 nitidique
1176 1312 1351 1372 capilli,

166 1384 332 1435 Quem
356 1382 480 1429 nosti
506 1381 716 1426 bibulum
741 1379 898 1425 media
924 1379 981 1424 de
1007 1379 1111 1424 luce
1138 1377 1343 1435 Falerni,

169 1450 321 1497 Coena
345 1448 495 1494 brevis
515 1447 660 1508 juvat,
685 1455 732 1490 et
755 1460 896 1505 prope
922 1444 1069 1489 rivum
1095 1459 1287 1489 somnus
1313 1443 1360 1487 in
1386 1442 1559 1488 herba:

170 1515 279 1562 Nec
304 1516 469 1560 lusisse
493 1513 654 1574 pudet,
682 1511 763 1556 sed
789 1526 884 1556 non
910 1509 1119 1554 incidere
1144 1509 1321 1554 ludum.

169 1581 281 1627 Non
307 1580 447 1626 isthic
470 1577 658 1638 obliquo
681 1576 820 1622 oculo
843 1590 949 1620 mea
972 1576 1221 1620 commoda
1244 1574 1488 1634 quisquam

170 1646 353 1702 Limat;
392 1661 485 1691 non
511 1644 619 1690 odio
642 1642 842 1688 obscuro
865 1655 1115 1701 morsuque
1141 1648 1353 1685 venenat.

171 1712 356 1760 Rident
379 1710 519 1756 vicini
544 1709 704 1770 glebas
728 1717 774 1752 et
797 1722 912 1751 saxa
937 1715 1214 1751 moventem.

172 1776 297 1825 Cum
322 1776 466 1822 servis
491 1775 670 1819 urbana
696 1772 843 1817 diaria
867 1772 1030 1816 rodere
1056 1771 1202 1815 mavis
1223 1786 1232 1825 ;

173 1842 359 1889 Horum
383 1851 434 1887 tu
459 1841 506 1886 in
532 1853 778 1884 numerum
805 1847 910 1882 voto
934 1836 1043 1881 ruis.
1115 1835 1302 1880 Invidet
1325 1848 1462 1879 usum

173 1908 434 1970 Lignorum
458 1915 505 1951 et
528 1903 710 1966 pecoris
734 1903 817 1948 tibi
843 1902 945 1947 calo
970 1911 1161 1963 argutus
1185 1912 1231 1945 et
1255 1899 1388 1946 horti.

172 1973 322 2036 Optat
344 1972 561 2035 ephippia
587 1971 668 2016 bos
691 1969 849 2031 piger3
885 1976 1013 2028 optat
1039 1982 1168 2012 arare
1193 1965 1416 2011 caballus.

172 2038 336 2090 Quam
360 2039 449 2085 scit
473 2047 683 2097 uterque,
708 2035 875 2091 libenS,
901 2033 1122 2092 censebo,
1148 2039 1367 2077 exerceat
1392 2038 1551 2076 artem.

679 2293 1016 2339 EPISTOLA
1054 2292 1163 2338 XV.

648 2406 713 2437 AD
739 2406 1013 2437 NUMONIUM
1038 2405 1090 2434 Vr’
1102 2403 1217 2433 LAM.

174 2495 326 2545 QUAE
352 2494 412 2539 sit
437 2493 587 2538 hiems
612 2490 775 2546 Veliae,
801 2489 924 2548 quod
950 2488 1137 2544 melum,
1164 2485 1299 2543 Vala,
1327 2485 1529 2544 Salerni,

175 2561 397 2611 Quorum
424 2557 666 2603 hominum
693 2555 836 2615 regio,
863 2564 908 2600 et
933 2554 1081 2613 qualis
1101 2553 1174 2598 via
1196 2569 1204 2597 ε
1245 2551 1376 2610 (nam
1402 2551 1517 2597 mihi
1541 2550 1681 2598 Baias

180 2626 319 2671 Musa
340 2637 652 2684 supervacuas
678 2621 932 2676 Antonius,
959 2629 1004 2664 et
1028 2628 1185 2663 tamen
1212 2617 1301 2662 illis

182 2690 262 2735 Me
288 2690 398 2735 facit
422 2689 639 2743 invisum,
665 2686 822 2746 gelida
845 2700 987 2745 quum
1012 2684 1198 2743 perluor
1224 2681 1353 2727 unda

181 2755 269 2800 Per
296 2755 501 2798 medium
529 2753 699 2811 frigus:
739 2748 852 2795 sanc
880 2759 1076 2809 myrteta
1102 2747 1317 2806 relinqui,

182 2818 414 2878 Dictaque
440 2827 702 2861 cessantem
729 2816 883 2861 nervis
908 2815 1079 2859 elidere
1106 2813 1319 2857 morbum

182 2884 418 2944 Sulphura
441 2882 696 2935 contemni,
722 2881 852 2925 vicus
877 2879 1038 2940 gemit,
1065 2878 1248 2923 invidus
1273 2877 1407 2937 aegris

181 2950 284 2999 Qui
309 2957 448 3008 caput
473 2956 519 2990 et
543 2946 832 2989 stomachum
860 2959 1119 3004 supponere
1146 2943 1350 2987 fontibus
1374 2941 1549 2988 audent

184 3014 410 3070 Clusinis,
435 3010 701 3069 Gabiosque
727 3019 890 3069 petunt
914 3018 960 3052 et
985 3008 1147 3068 frigida
1174 3023 1307 3052 rura:

186 3079 446 3126 Mutandus
470 3077 602 3122 locus
625 3084 710 3132 est,
735 3083 782 3119 et
805 3072 1056 3118 diversoria
1081 3082 1188 3118 nota

1681 1181 1744 1227 30

1697 3070 1758 3116 lo
