1841 3349
660 156 996 198 CARMINUM
1027 155 1136 196 LIB.
1167 155 1225 196 ΙΙ.

365 281 369 285 ’
449 275 630 337 Pugnae
656 276 879 323 ferebaris
901 293 910 324 ε
947 278 1030 323 sed
1055 278 1182 323 idem

514 341 653 388 Pacis
675 359 779 388 eras
803 343 1078 404 mediusque
1103 342 1229 390 belli.

382 405 460 453 Te
483 407 598 454 vidit
622 408 784 454 insons
808 409 1045 454 Cerberus
1071 424 1215 456 aureo

381 473 544 520 Cornu
570 474 810 532 decorum,
836 474 1004 520 leniter
1029 483 1235 520 atterens

446 539 690 595 Caudam3
726 548 773 585 et
797 540 1063 585 recedentis
1087 537 1301 601 trilingui

511 604 610 651 Ore
633 605 779 667 pedes
803 606 1048 667 tetigitque
1073 621 1224 650 crura.

777 863 918 911 ODE
943 864 1113 912 XVII.

722 979 788 1009 AD
813 978 1161 1012 MAECENATEM.

381 1063 504 1112 NON
528 1061 717 1121 usitata,
744 1078 840 1109 non
865 1062 999 1108 tenui
1025 1061 1146 1109 ferar

382 1130 551 1178 Penna
576 1129 786 1176 biformis
809 1144 891 1190 per
916 1128 1147 1188 liquidum
1173 1129 1349 1177 aethera

447 1197 618 1243 Vates:
656 1211 809 1256 neque
836 1194 884 1240 in
909 1194 1043 1239 terris
1067 1195 1284 1242 morabor

514 1259 756 1322 Longius:
793 1260 1062 1320 invidiaque
1088 1261 1235 1323 major

381 1327 535 1375 Urbes
559 1328 834 1388 relinquam.
893 1325 1005 1370 Non
1031 1342 1135 1387 ego,
1161 1341 1421 1388 pauperum

385 1393 593 1455 Sanguis
616 1392 883 1455 pareutum,
909 1407 1003 1437 non
1029 1407 1134 1453 ego,
1159 1408 1300 1453 quem
1325 1408 1465 1440 vocas

449 1459 653 1517 Dilecte‚
679 1457 939 1514 Maecenas,
965 1457 1121 1516 obibo,

529 1525 638 1571 Nec
664 1525 829 1585 Stygia
853 1523 1109 1569 cohibebor
1134 1523 1280 1571 unda.

385 1591 415 1638 J
420 1607 494 1637 am
515 1590 612 1652 jam
636 1591 851 1636 residunt
874 1589 1090 1634 cruribus
1115 1604 1293 1650 asperae

385 1657 567 1704 Pelles:
604 1665 652 1702 et
676 1656 834 1702 album
860 1664 1014 1701 mutor
1039 1655 1088 1701 in
1114 1655 1274 1701 alitem

454 1724 699 1784 Superna:
724 1729 1076 1781 nascunturque
1101 1720 1228 1767 leves

518 1788 609 1834 Per
634 1788 805 1849 digitos
830 1787 1142 1847 humerosque
1166 1786 1354 1848 plumae.

385 1853 492 1901 Jam
518 1854 746 1900 Daedaleo
769 1853 896 1900 ocior
922 1851 1059 1898 Icaro

384 1920 548 1967 Visam
574 1919 809 1981 gementis
832 1918 986 1964 littora
1011 1917 1225 1979 Bospori,

452 1987 706 2047 Syrtesque
731 1984 956 2043 GaetulaS,
982 2000 1185 2030 canorus

519 2053 651 2108 Ales,
678 2051 1101 2111 Hyperboreosque
1127 2065 1333 2111 campos.

387 2116 470 2163 Me
495 2117 722 2173 Colchus,
747 2124 793 2161 et
817 2115 894 2176 qui
921 2114 1182 2159 dissimulat
1208 2124 1387 2161 metum

389 2182 560 2229 Marsae
585 2182 788 2228 cohortis
813 2181 991 2237 Dacus,
1016 2189 1063 2226 et
1087 2180 1239 2226 ultimi

453 2249 669 2295 Noscent
693 2248 889 2294 Geloni:
928 2263 1002 2292 me
1021 2246 1201 2307 peritus

532 2314 698 2360 Discet
723 2313 848 2371 Iber,
874 2312 1191 2372 Rhodanique
1215 2320 1363 2373 potor.

389 2381 564 2427 Absint
589 2380 718 2426 inani
744 2380 908 2424 funere
929 2378 1114 2434 naeniae‚

390 2446 663 2506 Luctusque
688 2455 864 2506 turpes,
890 2454 936 2489 et
959 2442 1289 2504 querimoniae:

453 2513 717 2574 Compesce
742 2511 1012 2567 clamorem,
1034 2524 1089 2554 ac
1114 2506 1318 2569 sepulcri

520 2577 660 2624 Mitte
684 2592 998 2639 supervacuos
1024 2576 1240 2622 honoreS.

1711 471 1776 519 30

1715 1657 1776 1705 10

1717 1985 1778 2033 15

1710 2311 1777 2360 20
