1841 3349
103 120 169 168 30

649 115 701 162 Q.
731 113 974 154 HORATII
1003 111 1208 154 FLACCI

804 301 944 350 ODE
979 302 1043 350 X.

748 417 802 448 IN
837 416 1092 447 ARBOREM.

368 501 485 548 [Lm
511 509 557 547 et
581 500 762 547 nefasto
785 510 831 546 te
856 500 1010 561 posuit
1033 499 1126 556 die,

368 567 660 627 Quicunque
686 563 890 627 primum
915 574 962 610 et
987 563 1217 625 sacrilega
1242 576 1386 609 manu

435 632 678 687 Produxit‚
704 631 855 688 arbos,
882 630 930 676 in
954 639 1179 691 nepotum

501 697 786 754 Perniciem,
812 696 1204 758 opprobriumque
1224 694 1359 757 pagi:

371 763 514 810 Illum
537 772 585 808 et
607 763 812 824 parentis
837 761 1118 807 crediderim
1145 760 1217 806 sui

371 829 591 890 Fregisse
616 828 866 885 cervicem,
892 835 939 872 et
962 826 1220 887 penetralia

439 894 676 956 Sparsisse
701 902 934 938 nocturno
960 907 1129 938 cruore

505 958 746 1019 Hospitis:
784 957 861 1002 ille
886 971 1068 1002 venena
1092 956 1292 1014 Colcha,

372 1023 435 1071 Et
453 1023 679 1085 quidquid
705 1037 901 1083 usquam
927 1021 1190 1082 concipitur
1213 1020 1362 1080 nefas,

372 1089 633 1148 Tractavit‚
660 1104 771 1150 agro
794 1088 873 1148 qui
898 1087 1060 1134 statuit
1082 1102 1190 1133 meo

438 1155 532 1213 Te,
557 1154 687 1201 triste
712 1154 910 1215 lignum,
935 1162 998 1211 te,
1024 1153 1257 1198 caducum

505 1220 564 1266 In
589 1220 768 1267 domini
792 1227 934 1279 caput
958 1218 1263 1264 immerentis.

372 1286 508 1336 Quid
533 1287 731 1347 quisque
757 1285 884 1341 vitet,
910 1299 1153 1344 nunquam
1178 1281 1358 1329 homini
1382 1278 1496 1328 satis

375 1352 581 1398 Cautum
605 1360 691 1409 est,
717 1352 765 1397 in
791 1351 942 1395 horas.
1013 1348 1188 1395 Navita
1211 1348 1474 1410 Bosporum

442 1417 618 1464 Poenus
641 1415 971 1479 perhorrescit,
997 1431 1150 1475 neque
1176 1411 1297 1460 ultra

508 1483 652 1528 Caeca
674 1483 807 1528 timet
827 1481 1018 1527 aliunde
1045 1481 1163 1536 fata3

375 1547 517 1595 Miles
532 1548 733 1610 'sagittas
757 1556 804 1593 et
828 1547 1041 1592 celerem·
1057 1546 1216 1607 fugam

375 1614 564 1671 Parthi3
602 1623 794 1660 catenas
819 1612 1020 1658 Parthus
1043 1620 1090 1657 et
1114 1611 1287 1657 Italum

441 1681 637 1727 Robur:
675 1679 758 1725 sed
782 1678 1031 1739 improvisa
1053 1677 1135 1722 leti

507 1746 595 1791 Vis
618 1744 770 1805 rapuit
794 1744 1034 1805 rapietque
1054 1750 1233 1803 gentes.

375 1810 541 1862 Quam
564 1808 688 1872 pene
715 1810 856 1855 furvae
882 1824 1027 1870 regna
1056 1806 1365 1868 Proserpinae,

377 1877 441 1925 Et
459 1877 754 1938 judicantem
779 1875 979 1920 vidimus
1006 1873 1211 1918 AEacum
1232 1889 1242 1929 3

444 1943 685 2003 Sedesque
711 1942 938 1987 discretas
962 1939 1147 2000 piorum
1171 1947 1219 1984 et

512 2008 681 2054 AEoliis
704 2006 876 2052 fidibus
894 2013 1171 2065 querentem

379 2075 570 2137 Sappho
593 2072 760 2134 puellis
785 2072 843 2116 de
866 2069 1193 2131 popularibus;

378 2140 442 2187 Et
463 2149 510 2186 te
535 2146 779 2185 sonantem
804 2132 991 2197 plenius
1011 2149 1169 2192 aureo,

446 2205 627 2262 Alcaee‚
651 2203 828 2265 plectro
854 2202 970 2246 dura
994 2200 1141 2256 navis,

511 2269 645 2316 Dura
670 2270 792 2330 fugae
817 2267 956 2324 mala,
983 2266 1101 2311 dura
1126 2263 1260 2310 belli!

379 2337 640 2397 Utrumque
665 2350 798 2380 sacro
823 2333 966 2394 digna
985 2330 1172 2376 silentio

382 2403 618 2449 Mirantur
643 2400 820 2445 umbrae
845 2399 1031 2443 dicere:
1069 2395 1151 2442 sed
1176 2391 1328 2456 magis

447 2468 638 2528 Pugnas
661 2474 708 2511 et
739 2473 927 2510 exactos
952 2472 1173 2523 tyrannos

512 2533 726 2579 Densum
752 2529 960 2576 humeris
985 2528 1102 2574 bibit
1127 2541 1238 2582 aure
1263 2524 1444 2586 vulgus.

381 2599 515 2649 Quid
540 2598 726 2655 mirum,
753 2596 833 2641 ubi
859 2595 949 2640 illis
973 2592 1263 2640 carminibus
1288 2599 1481 2652 stupens

382 2664 599 2711 Demittit
623 2672 744 2709 atras
769 2661 924 2706 bellua
949 2659 1188 2719 centiceps

380 2732 382 2735 ’
450 2730 621 2786 Aures,
646 2737 693 2773 et
716 2727 873 2773 intorti
898 2723 1079 2786 capillis

517 2792 836 2838 Eumenidum
862 2799 1133 2836 recreantur
1157 2784 1372 2847 angues?

382 2858 520 2909 Quin
545 2867 592 2903 et
615 2857 937 2914 Prometheus,
952 2864 1010 2901 -et
1033 2851 1218 2913 Pelopis
1251 2863 1437 2912 parens,

385 2923 529 2971 Dulci
553 2923 764 2968 laborum
791 2921 1020 2981 decipitur
1044 2933 1159 2964 sono
1181 2933 1189 2962 :

452 2986 562 3035 Nec
586 2997 719 3033 curat
742 2985 892 3031 Orion
917 2985 1077 3030 leones

520 3053 620 3100 Aut
643 3051 833 3099 timidos
864 3049 1040 3111 agitare
1063 3048 1239 3109 lyncas.

1699 1083 1758 1131 10

1700 1411 1759 1457 15

1700 2391 1798 2439 30·

1701 3040 1767 3089 40
