1841 3349
575 151 908 195 CARMINUM
937 150 1046 189 LIB.
1077 150 1155 189 IV.

304 275 482 323 Doctor
507 273 696 334 Argivae
721 271 894 317 fidicen
919 269 1124 327 Thaliae,

303 341 496 396 Phoebe,
522 339 600 399 qui
628 338 823 382 Xantho
848 335 961 380 lavis
986 349 1124 378 amne
1149 333 1321 392 crines,

303 405 506 452 Dauniae
531 403 732 449 defende
758 402 905 447 decus
930 399 1188 457 Cainoenae,

569 469 708 514 Levis
735 466 949 528 Agyieu!

306 536 533 597 Spiritum
559 534 765 579 Phoebus
794 533 923 588 mihi,
951 529 1156 576 Phoebus
1180 537 1330 576 artem

305 602 544 647 Carminis
570 615 833 659 nomenque
860 597 989 642 dedit
1012 599 1180 658 poetae.

304 668 558 729 Virginum
583 667 761 726 primae,
788 664 1013 725 puerique
1037 661 1178 708 claris

569 732 785 776 Patribus
811 730 916 786 orti,

306 798 456 844 Deliae
481 798 628 843 tutela
653 798 769 853 deae,
797 795 990 855 fugaces

305 864 494 925 Lyncas
519 872 566 909 et
590 878 752 908 cervos
777 859 1040 907 cohibentis
1065 873 1196 918 arcu,

307 930 534 976 Lesbium
559 938 737 974 servate
762 928 947 989 pedem,
974 925 1160 986 meique

575 994 766 1040 Pollicis
792 994 960 1046 ictum;

308 1059 425 1108 Rite
452 1060 646 1106 Latonae
672 1074 868 1120 puerum
893 1064 1136 1114 canentes,

310 1124 427 1173 Rite
453 1135 747 1171 crescentem
774 1124 875 1169 face
902 1122 1223 1178 Noctilucam,

309 1192 585 1253 Prosperam
613 1191 816 1251 frugum,
843 1189 1138 1248 celeremque
1162 1201 1333 1249 pronos

573 1257 774 1302 Volvere
801 1270 1001 1300 menses.

311 1323 475 1384 Nupta
495 1323 591 1384 jam
617 1323 774 1367 dices:
809 1325 837 1344 ‘⁶
866 1320 969 1381 Ego
994 1317 1067 1364 dis
1092 1318 1317 1377 amicum,

314 1389 502 1436 Soeculo
529 1389 668 1434 festas
693 1387 925 1432 referente
950 1386 1101 1442 luces,

314 1454 526 1501 Reddidi
551 1469 761 1510 carmen,
787 1452 954 1498 docilis
978 1451 1225 1498 modorum

576 1520 713 1566 Vatis
739 1517 954 1565 Horati.''

747 1780 886 1828 ODE
921 1779 1008 1827 VI.

671 1897 738 1927 AD
762 1896 1088 1930 TORQUATUM.

214 1971 509 2030 DIFFUGfiRE
535 1980 695 2026 nives:
732 1980 933 2024 redeunt
953 1978 1049 2039 jam
1075 1978 1290 2040 gramina
1312 1978 1509 2041 campis,

583 2046 939 2105 Arboribusque
968 2060 1143 2090 comae:

217 2112 375 2160 Mutat
397 2122 522 2160 terra
545 2112 688 2169 vices,
715 2121 760 2156 et
784 2111 1110 2156 decrescentia
1133 2110 1257 2172 ripas

580 2177 803 2223 Flumina
823 2190 1122 2238 praetereunt.

214 2244 381 2293 Gratia
404 2260 514 2291 cum
538 2242 773 2304 Nymphis
798 2243 1093 2304 geminisque
1119 2242 1356 2289 sororibus
1378 2243 1522 2290 audet

581 2309 771 2355 Ducere
797 2310 924 2354 nuda
948 2310 1129 2354 choros.

216 2375 508 2424 Immortalis,
529 2391 590 2421 ne
616 2391 773 2436 speres
798 2385 957 2420 monet
982 2375 1171 2432 Annus,
1197 2382 1244 2420 et
1267 2374 1443 2420 almum

579 2441 707 2490 Quae
732 2441 849 2502 rapit
878 2441 1009 2486 Hora
1035 2441 1176 2486 diem.

216 2506 415 2569 Frigora
438 2507 692 2553 mitescunt
718 2506 980 2568 Zephyris:
1019 2507 1115 2552 Ver
1139 2505 1332 2568 proterit
1355 2504 1532 2565 AEstas‚

582 2571 853 2629 Interitura,
880 2572 1018 2617 simul

219 2636 424 2686 Pomiser
448 2637 722 2682 Autumnus
748 2638 903 2698 fruges
927 2637 1168 2682 effuderit:
1193 2644 1241 2681 et
1263 2651 1373 2682 mox

582 2701 757 2746 Bruma
783 2702 980 2746 recurrit
1006 2703 1144 2747 iners.

219 2767 410 2815 Damna
432 2776 592 2814 tamen
618 2767 796 2812 celeres
823 2776 1039 2828 reparant
1062 2766 1273 2813 coelestia
1290 2767 1443 2814 lunae:

581 2831 701 2891 Nos,
727 2833 806 2878 ubi
832 2833 1095 2878 decidimus

219 2896 337 2952 Quo
361 2899 467 2962 pius
492 2898 689 2956 AEneas‚
710 2897 804 2959 quo
830 2899 959 2944 dives
983 2898 1173 2957 Tullus,
1198 2906 1246 2945 et
1269 2899 1456 2957 AncUS,

584 2964 744 3010 Pulvis
769 2974 815 3010 et
841 2965 1006 3010 umbra
1030 2980 1206 3010 sumus.

219 3030 350 3084 Quis
372 3030 463 3077 scit
484 3046 545 3077 an
569 3031 793 3092 adjiciant
820 3032 1057 3077 hodierum
1081 3030 1287 3078 crastina
1309 3042 1507 3077 summm

586 3095 828 3159 Tempora
853 3097 901 3143 di
926 3096 1119 3160 superi?

1624 148 1690 196 67

1627 594 1692 640 30

1630 1248 1697 1297 40

1646 2569 1708 2618 10

1647 2896 1710 2946 15
