1841 3349
602 191 653 237 Q.
683 190 926 231 HORATII
955 188 1161 228 FLACCI

340 309 514 361 Qualis
537 309 794 370 Lycambae
819 317 1002 371 spretus
1026 306 1173 353 infido
1197 320 1360 367 gener,

608 376 705 421 Aut
729 390 837 420 acer
863 374 1008 420 hostis
1033 371 1226 432 Bupalo.

342 441 441 500 An,
466 440 506 488 si
529 440 633 502 quis
657 450 757 485 atro
780 440 922 484 dente
947 454 1021 483 me
1045 437 1276 498 petiverit,

605 505 794 554 Inultus
817 514 868 550 ut
892 503 1013 549 flebo
1037 503 1187 563 puer?

759 761 899 810 ODE
934 761 1047 808 VII.

583 879 650 910 AD
684 877 918 908 POPULUM
952 874 1218 906 ROMANUM.

344 960 480 1021 Quo,
504 959 598 1023 quo
624 960 810 1006 scelesti
835 959 1002 1004 ruitis?
1039 967 1119 1003 aut
1143 973 1226 1003 cur
1247 958 1452 1004 dexteris

612 1026 849 1089 Aptantur
873 1040 1010 1069 enses
1035 1023 1248 1069 conditi?

345 1094 582 1141 Parumne
608 1091 788 1152 campis
813 1100 950 1150 atque
977 1089 1203 1149 Neptuno
1227 1104 1365 1149 super

610 1156 790 1202 Fusum
816 1166 887 1202 est
913 1155 1069 1200 Latini
1095 1154 1374 1215 sanguinis?

345 1223 460 1272 Non
484 1232 536 1270 ut
559 1223 784 1284 superbas
809 1221 978 1267 invidae
999 1220 1301 1281 Carthaginis

610 1289 861 1334 Romanus
886 1303 1018 1333 arces
1043 1294 1213 1343 ureret,

348 1355 563 1402 Intactus
587 1364 666 1400 aut
692 1354 947 1399 Britannus
972 1361 1022 1397 ut
1046 1351 1358 1396 descenderet

613 1420 761 1464 Sacra
787 1427 1033 1464 catenatus
1058 1417 1132 1461 via
1154 1433 1163 1472 3

350 1486 446 1533 Sed
471 1494 537 1543 ut,
563 1485 826 1530 secundum
853 1494 956 1529 vota
982 1483 1278 1538 Parthorum,
1304 1480 1389 1525 sua

610 1549 733 1595 Urbs
759 1551 861 1594 haec
887 1549 1059 1610 periret
1083 1545 1288 1592 dextera.

347 1615 518 1677 Neque
543 1615 621 1660 hic
646 1615 766 1675 lupis
790 1631 906 1671 mos,
932 1629 1022 1659 nec
1047 1613 1133 1658 fuit
1156 1611 1388 1669 leonibus,

607 1679 867 1741 Nunquam
894 1679 983 1724 nisi
1009 1679 1057 1724 in
1084 1678 1240 1737 dispar
1266 1676 1389 1721 feris.

351 1746 565 1793 Furorne
590 1760 762 1802 caecum,
789 1761 847 1790 an
873 1745 992 1805 rapit
1016 1744 1084 1788 vis
1109 1742 1291 1788 acrior?

615 1811 694 1855 An
720 1810 890 1870 culpa?
926 1823 1200 1869 responsum
1228 1807 1348 1852 date.

352 1876 542 1924 Tacent
557 1892 568 1932 ;
605 1885 652 1921 et
673 1891 755 1921 ora
779 1875 922 1936 pallor
948 1875 1082 1919 albus
1108 1871 1270 1929 inficit,

615 1939 896 2001 Mentesque
922 1939 1149 2001 perculsae
1175 1946 1377 1998 stupent.

354 2008 437 2055 Sic
460 2016 554 2054 est:
591 2007 762 2052 acerba
787 2007 879 2052 fata
905 2006 1150 2051 Romanos
1170 2011 1332 2063 agunt,

616 2072 875 2131 Scelusque
902 2072 1117 2116 fraternae
1144 2069 1292 2125 necis,

352 2138 418 2188 Ut
439 2138 729 2185 immerentis
755 2136 886 2181 fluxit
910 2137 957 2181 in
983 2146 1153 2181 terram
1180 2132 1323 2178 Remi

615 2203 760 2248 Sacer
785 2201 1032 2263 nepotibus
1057 2214 1206 2245 cruor.

757 2460 896 2506 ODE
931 2458 1072 2505 VIII.

696 2576 761 2606 AD
797 2574 1142 2604 MAECENATEM.

352 2663 576 2715 QUANDO
599 2657 839 2720 repostum
866 2656 1128 2702 Caecubum
1154 2655 1211 2700 ad
1238 2654 1378 2700 festas
1402 2654 1562 2715 dapes,

617 2726 809 2771 Victore
834 2724 968 2768 laetus
993 2722 1196 2777 Caesare,
1427 2723 1429 2727 ’

355 2791 544 2839 Tecum
570 2791 657 2837 sub
681 2790 790 2846 alta,
817 2789 885 2833 sic
911 2788 1016 2833 Jovi
1041 2797 1243 2847 gratum,
1271 2785 1426 2842 domo,

620 2856 764 2902 Beate
791 2854 1047 2909 Maeeenas,
1074 2851 1247 2907 bibam,

358 2922 568 2970 Sonante
593 2922 790 2965 mixtum
817 2919 943 2964 tibiis
968 2931 1157 2962 carmen
1179 2914 1294 2974 lyra,

623 2985 733 3030 Hac
759 2985 971 3038 Dorium,
998 2982 1086 3026 illis
1112 2980 1396 3034 Barbarum;

359 3051 424 3100 Ut
445 3065 612 3114 nuper,
637 3058 770 3095 actus
793 3063 938 3108 quum
964 3047 1080 3092 freto
1104 3044 1375 3106 Neptunius

1663 432 1724 480 15

1670 1545 1730 1592 10

1670 1871 1732 1918 1⁵

1664 2197 1734 2245 20
