1841 3349
64 184 72 189 ᾗ
107 125 217 176 108,
645 121 696 170 Q.
727 121 971 163 nonA'rn
998 116 1207 160 FLAcc1

707 306 972 354 SATIRA
1009 304 1150 353 VIII.

171 441 311 489 OLnu
333 450 530 488 truncus
554 455 684 486 eram
707 439 927 497 ficulnus,
953 439 1118 484 inutile
1142 438 1341 499 lignum,

169 507 340 558 Quum
365 507 509 564 faber,
536 507 744 552 incertus
769 520 1015 550 scamnum
1041 504 1277 549 faceretne
1303 502 1540 563 Priapum,

172 572 346 620 Maluit
369 588 471 618 esse
496 572 651 617 deum.
681 579 684 584 ⁴
711 570 845 615 Deus
870 567 982 615 inde
1009 585 1113 629 ego,
1141 568 1295 613 furum
1321 568 1567 628 aviumque

172 637 385 685 Maxima
410 637 633 684 formido:
671 651 780 681 nam
807 635 932 681 fures
956 635 1120 680 dextra
1145 636 1352 691 coercet,

173 705 264 750 Ast
289 705 580 765 importunas
603 701 852 749 volucres
841 717 889 747 1n
915 700 1088 746 vertice
1115 699 1295 744 arundo

173 770 347 816 Terret
366 770 474 828 fixa,
502 777 716 842 vetatque
742 768 874 813 novis
898 766 1170 813 considere
1160 782 1208 811 in
1235 763 1392 810 hortis.

173 835 287 882 Huc
310 834 440 897 prius
465 835 678 896 angustis
704 834 856 894 ejecta
880 833 1110 878 cadavera
1133 831 1264 877 cellis

173 901 443 948 Conservus
466 901 545 946 vili
569 900 798 960 portanda
821 898 1040 945 locabat
1031 914 1079 943 in
1105 913 1228 942 arca.

173 966 283 1014 Hoc
307 968 488 1012 miserae
513 966 639 1027 plebi
663 965 814 1010 stabat
838 979 1090 1009 commune
1115 961 1399 1023 sepulcrum,

172 1033 433 1080 Pantolabo
457 1047 648 1090 scurrae,
674 1030 1070 1090 Nomentanoque
1096 1027 1268 1089 nepoti.

172 1098 307 1145 Mille
330 1099 475 1161 pedes
495 1099 544 1143 in
571 1097 738 1156 fronte,
763 1105 998 1143 trecentos
1017 1095 1181 1156 cippus
1207 1094 1255 1139 in
1281 1107 1447 1153 agrum

172 1164 271 1211 Hic
296 1165 463 1220 dabat3
501 1164 714 1210 haeredes
738 1170 1095 1208 monumentum
1123 1177 1182 1205 ne
1207 1166 1488 1219 sequeretur.

172 1230 319 1277 Nunc
343 1231 455 1277 licet
480 1229 702 1290 Esquiliis
726 1229 935 1275 habitare
961 1226 1241 1284 salubribus,
1262 1234 1398 1285 atque

174 1297 402 1358 Aggere
392 1312 441 1342 in
467 1296 625 1357 aprico
649 1295 853 1356 spatiari,
879 1310 970 1354 quo
994 1289 1134 1338 modo
1162 1292 1316 1337 tristes

175 1362 313 1408 Albis
337 1362 584 1408 informem
610 1361 887 1423 spectabant
911 1359 1095 1405 ossibus
1115 1372 1294 1418 agrum.

173 1427 342 1478 Quum
366 1428 482 1474 mihi
506 1444 603 1474 non
627 1425 812 1473 tantum
837 1426 1070 1485 furesque,
1097 1423 1299 1482 feraeque
1324 1423 1472 1467 su‘etae

174 1490 322 1540 Hunc
347 1509 513 1539 vexare
537 1494 711 1551 locum,
737 1507 862 1538 curae
888 1501 997 1537 sunt
1022 1499 1159 1550 atque
1183 1488 1345 1545 labori,

172 1557 426 1620 Quantum
451 1559 740 1605 carminibus
763 1574 866 1618 quae
891 1564 1077 1602 versant
1102 1564 1239 1614 atque
1264 1551 1460 1598 venenis

174 1624 424 1672 Humanos
449 1625 656 1671 animos:
694 1625 777 1670 has
802 1620 930 1669 nullo
953 1622 1148 1684 perdere
1173 1634 1362 1681 possum

175 1688 286 1736 Nec
308 1692 556 1753 prohibere
580 1691 735 1748 modo,
761 1689 898 1735 simul
925 1704 980 1734 ac
1005 1703 1122 1748 vaga
1145 1687 1258 1731 luna
1281 1685 1505 1730 decorum

174 1755 371 1803 Protulit
393 1774 460 1815 os,
486 1757 600 1818 quin
624 1772 730 1802 ossa
752 1755 927 1816 legant,
953 1753 1211 1812 herbasque
1236 1758 1479 1796 nocentes.

241 1822 352 1868 Vidi
378 1832 564 1884 egomet
588 1822 724 1883 nigra
750 1821 1042 1866 succinctam
1067 1818 1235 1863 vadere
1259 1815 1382 1877 palla

175 1885 446 1946 Canidiam,
470 1889 670 1960 pedibus
694 1887 834 1932 nudis
858 1900 1086 1947 passoque
1111 1883 1297 1944 capillo,

176 1953 300 1999 Cum
327 1955 516 2015 Sagana
541 1953 715 2015 majore
740 1953 1032 2006 ululantem3
1072 1950 1217 2011 pallor
1242 1957 1462 2006 utrasque

175 2018 375 2066 Fecerat
401 2021 656 2066 horrendas
681 2029 888 2079 aspectu
949 2017 1172 2077 Scalpere
1197 2023 1368 2060 terram

175 2084 444 2148 Unguibus,
469 2095 516 2131 et
538 2085 710 2157 pullam
738 2084 958 2128 dixellere
984 2078 1223 2127 mordicus
1243 2093 1414 2140 agnam

175 2149 463 2212 Coeperunt:
501 2166 637 2195 cruor
663 2150 711 2194 in
740 2149 910 2195 fossam
937 2147 1177 2203 confusus,
1204 2154 1255 2191 ut
1281 2141 1393 2190 inde

178 2219 348 2265 Manes
372 2216 613 2273 elicerent,
641 2215 822 2260 animas
846 2229 1070 2274 responsa
1094 2213 1299 2257 daturas.

178 2285 340 2332 Lanea
363 2291 410 2328 et
432 2281 611 2342 effigies
636 2290 752 2337 erat,
779 2279 922 2324 altera
948 2294 1085 2323 cerea
1107 2294 1116 2332 ;
1154 2277 1300 2336 major

176 2350 355 2406 Lanea‚
380 2363 482 2408 quae
508 2347 658 2407 poenis
683 2353 1005 2405 compesceret
1031 2343 1312 2387 inferiorem.

178 2415 333 2462 Cerea
357 2412 626 2486 suppliciter
652 2411 816 2467 stabat,
843 2409 1104 2465 servilibus,
1131 2418 1271 2467 utque

178 2481 286 2528 Jam
310 2480 530 2542 peritura,
558 2477 720 2522 modis.
782 2476 998 2521 Hecaten
1026 2482 1158 2519 vocat
1183 2473 1329 2517 altera
1352 2485 1540 2531 saevam,

181 2547 346 2594 Altera
370 2544 694 2605 Tisiphonen.
732 2550 972 2602 serpentes
998 2549 1133 2599 atque
1159 2539 1341 2584 videres

181 2612 399 2659 Infernas
423 2625 576 2656 errare
602 2624 772 2663 canes3
810 2607 1063 2666 lunamque
1084 2604 1347 2661 rubentem,

180 2678 258 2724 Ne
283 2677 399 2722 foret
423 2677 495 2721 his
518 2675 665 2731 testis,
688 2683 791 2734 post
815 2688 987 2733 magna
1010 2671 1153 2716 latere
1179 2670 1407 2729 sepulcra.

183 2742 388 2788 Mentior
414 2750 458 2786 at
484 2741 521 2786 si
545 2740 673 2800 quid,
699 2739 872 2784 merdis
896 2746 1035 2798 caput
1060 2735 1275 2795 inquiner
1300 2735 1418 2780 albis

183 2808 470 2860 Corvorum3
509 2816 645 2865 atque
672 2806 719 2850 in
741 2820 816 2850 me
841 2804 1031 2849 veniant
1056 2801 1252 2846 mictum
1278 2809 1415 2861 atque
1440 2809 1656 2848 cacatum

185 2872 342 2919 Julius
365 2880 412 2916 et
436 2870 610 2930 fragilis
635 2870 847 2915 Pediatia
872 2869 1034 2928 furque
1059 2866 1291 2911 Voranus.

187 2936 387 2999 Singula
408 2935 527 3002 quid
543 2950 828 2980 memorem
814 2937 832 2969 Ἴ
868 2949 959 3011 quo
982 2941 1119 2993 pacto
1138 2931 1316 2976 alterna
1339 2930 1583 2990 loquentes

189 3003 375 3050 Umbrae
400 3016 507 3046 cum
534 3000 723 3060 Sagana
749 2999 1022 3044 resonarint
1036 2997 1164 3042 triste
1189 3006 1236 3041 et
1259 3006 1479 3050 acutum;

187 3067 342 3130 thue
365 3066 462 3129 lupi
486 3065 678 3112 barbam
702 3064 840 3111 variae
864 3078 974 3109 cum
998 3063 1139 3109 dente
1164 3061 1367 3109 colubrae

1699 1023 1762 1069 10

1698 1350 1759 1398 15

1693 1679 1759 1727 20

1695 2006 1760 2054 25

1694 2336 1760 2384 30

1695 2666 1759 2715 35

1694 2996 1760 3044 40
