1841 3349
533 207 943 250 EPISTOLARUM
976 207 1083 245 LIB.
1115 207 1150 244 I.
1182 208 1245 245 16.

116 328 508 390 Praeteragendus
530 344 707 389 equus:
745 324 907 376 “Quo
932 326 1121 371 tendis?
1156 341 1249 371 non
1275 324 1393 370 mihi
1416 323 1596 371 Cumas

116 395 203 440 Est
226 395 329 452 iter,
355 404 434 440 aut
458 394 644 451 Baias,'’
671 393 787 438 laeva
811 392 1134 438 stomachosus
1159 390 1345 435 habena

116 460 258 506 Dicet
282 475 450 519 eques:
488 460 570 504 sed
594 458 727 519 equis
752 458 946 503 fraenato
968 464 1040 502 est
1063 456 1188 501 auris
1214 455 1262 500 in
1285 470 1366 500 ore
1383 455 1418 517 z)

117 525 269 587 Major
294 536 447 570 utrum
471 525 695 585 populum
722 522 945 568 frumenti
970 521 1105 582 copia
1127 528 1314 581 pascat3

116 592 416 637 Collectosne
442 590 604 635 bibant
628 590 816 644 imbres,
842 599 1067 649 puteosne
1092 600 1327 647 perennes

115 656 254 718 Jugis
280 671 437 715 aquae:
479 655 613 713 (nam
641 656 748 700 vina
772 655 888 699 nihil
915 670 1065 699 moror
1091 652 1214 697 illius
1237 666 1358 698 orae:

63 735 71 737 ·
117 722 250 768 Rure
276 737 381 766 meo
404 738 594 782 possum
619 720 801 781 quidvis
824 720 1028 780 perferre
1052 719 1239 779 patique
1260 733 1274 773 ;

118 788 196 833 Ad
222 803 348 831 mare
374 803 519 846 quum
545 788 668 843 veni,
694 801 973 846 generosum
999 794 1045 830 et
1069 784 1176 828 lene
1202 782 1403 843 requiro,

114 853 262 902 Quod
289 868 425 897 curas
450 853 623 912 abigat,
651 852 782 911 quod
799 866 908 895 cum
934 866 1014 910 spe
1040 848 1182 894 divite
1207 856 1368 894 manet

116 917 174 963 In
203 934 343 963 venas
368 918 671 978 animumque
699 932 870 971 meum,
896 917 1019 976 quod
1045 915 1185 960 verba
1208 912 1481 977 ministret.)

115 984 324 1029 Tractus
350 994 449 1029 uter
473 983 630 1044 plures
655 983 849 1043 lepores,
877 992 979 1027 uter
1003 981 1174 1025 educet
1197 996 1358 1040 apros3

116 1049 233 1095 Utra
258 1049 406 1110 magis
430 1050 584 1109 pisces
608 1059 654 1094 et
678 1049 872 1093 echinos
898 1063 1083 1107 aequora
1107 1045 1290 1101 celent3

117 1114 315 1176 Pinguis
340 1124 390 1159 ut
414 1115 524 1159 inde
550 1115 741 1159 domum
766 1113 936 1174 possim
967 1113 1230 1171 Phaeaxque
1257 1112 1425 1159 reverti
1446 1128 1455 1158 :

117 1182 336 1226 Scribere
362 1190 406 1225 te
432 1179 583 1236 nobis,
609 1179 692 1224 tibi
718 1195 801 1224 nos
826 1179 1093 1235 accredere,
1117 1193 1201 1238 par
1226 1186 1308 1223 est.

185 1245 406 1302 Maenius,
434 1254 498 1302 ut,
524 1246 664 1289 rebus
688 1245 911 1289 maternis
937 1255 1074 1304 atque
1100 1243 1307 1304 paternis

119 1311 322 1357 Fortiter
348 1310 622 1371 absumptis,
645 1311 850 1355 urbanus
877 1311 1019 1370 coepit
1038 1309 1216 1366 haberi,

120 1377 296 1422 Scurra
320 1393 480 1438 vagus,
506 1392 600 1421 non
628 1377 705 1436 qui
731 1386 910 1421 certum
938 1390 1145 1435 praesepe
1170 1383 1366 1433 teneret,

120 1442 395 1503 Impransus
420 1458 512 1487 non
539 1441 618 1502 qui
644 1442 794 1486 civem
821 1442 1120 1502 dignosceret
1143 1440 1294 1498 hoste,

115 1508 358 1557 Quaelibet
382 1508 431 1554 in
458 1507 668 1569 quemvis
692 1508 938 1568 opprobria
966 1507 1142 1568 fingere
1168 1521 1335 1564 saevus,

117 1573 359 1619 Pernicies
385 1584 431 1619 et
454 1583 707 1635 tempestas
735 1574 1093 1633 barathrumque
1121 1571 1321 1629 macelli,

117 1639 368 1700 Quidquid
391 1640 655 1700 quaesierat,
683 1640 829 1684 ventri
856 1639 1062 1684 donabat
1087 1653 1238 1682 avaro.

120 1704 232 1763 Hic,
261 1706 340 1750 ubi
366 1705 587 1767 nequitiae
614 1705 871 1750 fautoribus
895 1715 942 1750 et
966 1704 1142 1749 timidis
1167 1702 1232 1748 nil

118 1771 218 1816 Aut
241 1771 435 1831 paulum
460 1770 727 1826 abstulerat,
753 1770 936 1831 patinas
962 1769 1180 1815 coenabat
1203 1769 1370 1827 omasi,

117 1837 238 1883 Vilis
262 1845 308 1881 et
332 1836 535 1897 agninae,
561 1835 709 1881 tribus
734 1836 854 1881 ursis
878 1836 1002 1896 quod
1026 1832 1139 1880 satis
1163 1843 1313 1891 esset3

121 1903 320 1948 Scilicet
346 1912 396 1948 ut
419 1911 604 1947 ventres
627 1901 786 1946 lamna
811 1902 1046 1947 candente
1070 1909 1296 1961 nepotum

118 1968 312 2014 Diceret
337 1968 556 2024 urendOS,
582 1973 821 2013 corrector
845 1968 1052 2015 Bestius.
1129 1966 1261 2011 Idem

115 2033 366 2093 Quidquid
390 2041 490 2078 erat
514 2042 681 2078 nactus
705 2034 873 2093 praedae
901 2033 1102 2093 majoris,
1128 2031 1207 2076 ubi
1232 2046 1373 2077 omne

117 2100 336 2145 Verterat
360 2099 408 2144 in
436 2098 615 2143 fumum
639 2107 686 2143 et
711 2098 937 2155 cinerem,
964 2103 991 2121 ‘⁶
1011 2096 1123 2142 Non
1150 2094 1343 2142 hercule
1370 2095 1559 2156 miror,’'

121 2165 308 2221 Aiebat,
335 2169 363 2187 “
387 2164 421 2209 si
447 2164 527 2224 qui
550 2164 806 2209 comedunt
833 2165 969 2221 bona,
995 2178 1140 2223 quuin
1165 2165 1224 2208 sit
1245 2162 1390 2209 obeso

118 2230 201 2276 Nil
231 2230 396 2275 melius
420 2230 573 2287 turdo,
601 2230 663 2274 nil
692 2230 828 2274 vulva
852 2229 1094 2290 pulchrius
1119 2228 1320 2289 ampla.'’

119 2296 360 2342 Nimirum
389 2297 466 2341 hic
491 2311 579 2356 ego
604 2311 706 2340 sum
726 2312 736 2350 3
774 2311 883 2340 nam
910 2305 1009 2341 tuta
1033 2304 1079 2339 et
1103 2294 1295 2355 parvula
1319 2293 1480 2353 laudo,

116 2362 284 2411 Quum
310 2378 384 2407 res
409 2361 650 2418 deficiunt,
678 2360 790 2406 satis
815 2362 935 2407 inter
960 2361 1067 2406 vilia
1091 2360 1248 2406 fortis:

114 2425 316 2484 Verum,
342 2427 422 2471 ubi
446 2427 558 2487 quid
584 2427 751 2471 melius
775 2427 1007 2488 contingit
1031 2436 1077 2472 et
1099 2425 1308 2484 unctius,
1331 2425 1459 2473 idem

119 2493 219 2539 Vos
244 2489 406 2553 sapere
431 2501 478 2536 et
502 2492 623 2537 solos
648 2492 723 2537 aio
748 2493 866 2538 bene
893 2493 1062 2548 vivere,
1086 2506 1286 2552 quorum

119 2557 423 2618 Conspicitur
447 2556 609 2602 nitidis
634 2557 828 2603 fundata
854 2558 1058 2619 pecunia
1083 2556 1217 2602 villis.

624 2847 962 2898 EPISTOLA
996 2848 1136 2897 XVI.

687 2981 754 3012 AD
774 2980 979 3015 QUINCTl
987 2980 1070 3012 UM.

112 3084 201 3140 >Na
225 3082 532 3148 perconteris,
557 3081 728 3128 fundus
751 3097 900 3139 meuS‚
924 3081 1098 3142 optime
1115 3080 1337 3140 Quincti,

119 3151 249 3200 Arvo
270 3158 433 3214 pascat
456 3149 639 3206 herum,
659 3164 719 3194 an
745 3147 904 3194 baccis
925 3147 1168 3208 opulentet
1189 3146 1341 3205 ohrae,

519 3212 621 3260 14*

1601 206 1685 254 161

1638 584 1698 629 15

1599 2224 1704 2276 '40
