1841 3349
558 173 890 214 CARMINUM
919 174 1028 214 LIB.
1058 175 1141 214 ΙΙΙ.

286 289 452 353 Impiae
476 306 672 352 sponsos
695 290 893 353 potuere
919 293 1038 340 duro

614 356 820 403 Perdere
846 359 996 404 ferro!

285 421 393 467 Una
417 422 475 467 de
500 422 677 480 multis,
705 424 808 468 face
832 423 1033 485 nuptiali

284 486 460 547 Digna,
486 488 725 550 perjurum
752 489 837 534 fuit
862 489 910 534 iu
934 498 1180 550 parentem

287 551 547 615 Splendide
573 555 795 612 mendax,
821 563 867 600 et
891 555 939 600 in
964 571 1106 602 omne
1131 555 1262 618 virgo

615 619 805 666 Nobilis
831 636 1009 666 aevum:

287 688 315 708 “
336 685 535 747 Surge‚''
563 701 665 746 quae
692 686 809 731 dixit
828 686 990 746 juveni
1016 687 1200 746 marito,

287 755 315 776 “
331 752 499 811 Surge,
525 767 585 796 ne
611 752 778 811 longus
806 752 889 796 tibi
913 767 1124 809 somnus,
1151 753 1280 799 unde

284 816 397 863 Non
422 818 575 875 times,
601 817 764 862 detur:
803 833 1020 863 socerum
1045 827 1092 864 et
1116 819 1342 866 scelestas

614 881 745 927 Falle
771 898 980 939 sorores3

282 948 426 1006 Quae,
452 948 579 994 velut
603 958 755 994 nactae
780 949 949 994 vitulos
972 949 1154 1009 leaenae,

286 1015 526 1075 Singulos,
551 1015 700 1059 eheu!
738 1014 960 1060 lacerant.
1033 1014 1154 1077 Ego,
1179 1015 1270 1062 illis

284 1078 493 1138 Mollior,
518 1095 610 1125 nec
634 1088 680 1124 te
707 1079 885 1138 feriam,
911 1096 1064 1141 neque
1090 1082 1213 1128 intra

616 1144 835 1191 Claustra
859 1147 1045 1193 tenebo.

284 1210 368 1256 Me
392 1219 523 1272 pater
548 1211 682 1256 saevis
705 1220 870 1257 oneret
895 1213 1093 1271 catenis,

281 1274 432 1326 Quod
458 1277 555 1322 viro
579 1277 791 1322 clemens
816 1278 988 1323 misero
1011 1279 1230 1340 peperci3

283 1341 367 1388 Me
391 1342 463 1388 vel
487 1351 722 1388 extremos
746 1341 1066 1391 Numidarum
1091 1345 1140 1391 in
1165 1360 1304 1407 agros

615 1408 780 1454 Classe
806 1409 998 1470 releget.

283 1474 307 1521 I
330 1475 478 1537 pedes
501 1471 594 1534 quo
620 1470 879 1536 terapiunt
903 1485 950 1521 et
974 1492 1116 1535 amae,

280 1540 411 1587 Dum
438 1541 558 1586 favet
582 1556 676 1586 nox
699 1549 746 1586 et
770 1541 964 1587 Venus:
1001 1542 1016 1588 i
1041 1542 1255 1590 secundo

282 1606 476 1666 Omine,
502 1615 549 1653 et
572 1607 719 1652 nostri
743 1622 1000 1653 memorem
1026 1609 1242 1670 sepulcro

613 1672 785 1734 Scalpe
809 1674 1096 1735 querelam.”

588 1829 728 1836 ...-

710 1934 848 1981 ODE
884 1936 975 1984 IX.

511 2048 578 2078 AD
614 2048 820 2079 FONTEM
855 2050 1166 2083 BANDUSIUM.

281 2132 327 2180 O
354 2147 478 2178 FONs
504 2130 776 2189 Bandusiae,
802 2132 1092 2193 splendidior
1116 2135 1250 2195 vitro,

277 2198 421 2245 Dulci
446 2198 589 2260 digne
614 2213 743 2243 mero
768 2214 862 2243 non
889 2199 990 2244 sine
1016 2198 1226 2261 floribus,

608 2263 727 2309 Cras
752 2264 1003 2310 donaberis
1028 2267 1181 2325 haedo,

543 2329 636 2375 Cui
662 2329 789 2375 frons
814 2332 1001 2392 turgida
1027 2333 1250 2379 cornibus

277 2395 465 2453 Primis,
490 2404 537 2441 et
561 2395 800 2441 Venerem
825 2406 870 2442 et
894 2398 1058 2459 proelia
1083 2399 1315 2448 destinat:

276 2460 498 2518 Frustrag
536 2477 646 2506 nam
670 2462 851 2522 gelidos
875 2463 1055 2510 inficiet
1077 2465 1161 2511 tibi

606 2527 775 2573 Rubro
800 2530 1031 2590 sanguine
1057 2531 1179 2578 rivos

541 2591 729 2637 Lascivi
755 2595 938 2640 soboles
962 2597 1133 2656 gregis.
1176 2590 1191 2600 ³

243 2672 253 2683 ⁴
277 2655 354 2702 Te
379 2654 620 2717 flagrantis
646 2665 772 2702 atrox
808 2659 921 2703 hora
945 2661 1191 2706 Caniculae

276 2721 444 2768 Nescit
466 2731 687 2782 tangere:
724 2731 774 2766 tu
800 2722 944 2784 frigus
970 2726 1170 2773 amabile

606 2786 765 2833 Fessis
789 2804 974 2835 vomere
1000 2792 1145 2838 tauris

538 2853 726 2898 Praebes
750 2863 797 2899 et
819 2856 978 2915 pecori
1002 2872 1132 2919 vago.

275 2916 387 2964 Fies
410 2919 637 2965 nobilium
663 2928 713 2965 tu
738 2936 920 2981 quoque
946 2922 1160 2983 fontium,

278 2982 362 3031 Me
386 2985 575 3031 dicente
600 2986 727 3031 cavis
751 2987 1016 3048 impositam
1036 2990 1195 3037 ilicem

605 3052 756 3110 SaxiS‚
782 3054 909 3098 unde
933 3054 1155 3116 loquaces

539 3115 765 3179 Lymphae
790 3119 1016 3168 desiliunt
1038 3131 1145 3169 tuae.

1611 178 1675 230 47

1610 491 1676 540 30

1608 1146 1677 1198 40

1604 2731 1666 2781 10

1600 3059 1670 3111 15.
