1841 3349
591 160 923 200 CARMINUM
952 160 1062 199 LIB.
1094 159 1175 197 III.

310 279 445 340 Quo,
470 279 627 337 Musa,
651 280 840 325 tendis?
909 278 1088 324 Desine
1112 276 1332 339 pervicax

388 347 589 394 Referre
615 361 856 390 sermones
881 345 1093 401 deorum,
1119 351 1166 388 et

454 412 636 473 Magna
660 411 811 456 modis
837 419 1033 456 tenuare
1057 407 1224 470 parvis.

755 675 895 721 ODE
932 674 1018 720 IV.

705 790 771 820 AD
798 787 1087 818 CALLIOPEN.

324 878 602 924 DESCENDE
631 874 766 930 coelo,
794 872 871 916 dic
897 886 983 931 age
1004 869 1120 915 tibia

319 944 516 1004 Regina
540 942 751 1002 longum,
778 937 1007 996 Calliope,
1035 935 1197 993 melos,

389 1011 487 1054 Seu
513 1022 626 1052 voce
653 1020 781 1050 nunc
808 1003 955 1047 mavis
981 1001 1138 1058 acuta,

457 1074 553 1118 Seu
579 1072 748 1116 fidibus
773 1068 1046 1127 citharaque
1073 1039 1252 1112 Plioebi.

322 1140 543 1187 Auditis?
580 1154 639 1182 an
666 1152 739 1181 me
765 1135 882 1180 ludit
909 1133 1121 1178 amabilis

329 1205 554 1251 Insania?
593 1203 775 1247 Audire
801 1209 847 1245 et
871 1200 1029 1244 videor
1053 1199 1155 1259 pios

388 1271 558 1316 Errare
584 1285 664 1329 per
691 1268 840 1322 lucos,
868 1280 1064 1309 amoenae

454 1336 592 1384 Quos
617 1343 664 1379 et
689 1347 820 1392 aquae
848 1331 1053 1375 subeunt
1078 1338 1125 1374 et
1150 1344 1291 1374 aurae.

328 1402 410 1449 Me
437 1401 677 1457 fabulosae,
703 1398 903 1443 Vulture
931 1396 976 1441 in
1001 1394 1207 1456 Appulo,

325 1468 521 1516 Altricis
546 1476 678 1511 extra
701 1465 846 1510 limen
873 1462 1078 1523 Apuliae,

393 1534 531 1582 Ludo
557 1533 895 1593 fatigatumque
921 1543 1086 1574 somno

472 1599 662 1644 Fronde
687 1611 808 1642 nova
832 1610 1028 1656 puerum
1051 1592 1297 1654 palumbes

326 1663 550 1713 Texere:
588 1664 757 1708 mirum
783 1662 908 1721 quod
936 1660 1053 1705 foret
1076 1658 1313 1716 omnibus,

324 1733 618 1790 Quicunque
645 1729 783 1775 celsae
810 1727 972 1771 nidum
1000 1724 1323 1782 Acherontiae,

395 1797 647 1856 Saltusque
673 1794 919 1850 Bantinos,
946 1799 992 1836 et
1017 1806 1178 1836 arvum

458 1863 642 1922 Pingue
667 1869 833 1905 tenent
858 1857 1050 1903 humilis
1076 1855 1298 1911 Forenti,

329 1929 394 1975 Ut
416 1937 516 1973 tuto
542 1927 600 1972 ab
626 1926 735 1971 atris
760 1939 955 1984 corpore
980 1922 1149 1982 viperis

330 1993 599 2041 Dormirem
623 2000 670 2036 et
696 1990 815 2035 ursis
834 2005 844 2044 3
884 1998 934 2033 ut
957 2002 1195 2048 premerer
1219 2000 1356 2032 sacra

397 2060 645 2118 Lauroque
671 2054 935 2114 collataque
961 2062 1127 2113 myrto,

463 2123 576 2169 Non
603 2122 704 2167 sine
730 2120 802 2165 dis
828 2120 1067 2165 animosus
1092 2119 1261 2163 infans.

330 2192 516 2247 Vester,
543 2189 803 2244 Camoenae,
831 2194 981 2231 vester
1007 2185 1055 2229 in
1081 2185 1253 2229 arduos

333 2256 496 2304 Tollor
523 2254 752 2309 Sabinos3
789 2268 872 2297 seu
909 2251 1024 2296 mihi
1051 2250 1274 2311 frigidum

399 2323 656 2377 Praeneste,
683 2335 767 2364 seu
792 2318 946 2363 Tibur
973 2316 1212 2378 supinum,

467 2389 563 2433 Seu
587 2385 777 2459 liquidae
802 2381 1025 2445 placuere
1051 2382 1194 2427 Baiae.

332 2454 516 2501 Vestris
541 2453 747 2497 amicum
773 2450 978 2496 fontibus
1002 2457 1049 2493 et
1073 2447 1229 2493 choris

335 2519 446 2566 Non
472 2534 547 2563 me
567 2516 796 2578 Philippis
820 2531 954 2560 versa
978 2514 1104 2559 acies
1130 2522 1268 2572 retro,

402 2583 505 2629 Dev
508 2592 584 2627 ota
607 2598 703 2627 non
728 2581 954 2627 exstinxit
979 2580 1129 2635 arbos,
1171 2595 1186 2605 ³

472 2646 580 2692 Nec
606 2647 770 2691 Sicula
796 2646 1047 2690 Palinurus
1072 2642 1216 2688 unda.

335 2713 589 2773 Utcunque
614 2726 802 2756 mecum
827 2726 905 2755 vos
929 2709 1074 2766 eritiS‚
1101 2708 1253 2753 libens

337 2779 664 2826 Insanientem
690 2776 847 2821 navita
872 2775 1133 2834 Bosporum

404 2844 643 2901 Tentabo,
669 2852 716 2888 et
741 2850 926 2887 arentes
951 2855 1118 2885 arenas

471 2910 663 2956 Littoris
688 2907 871 2968 Assyrii
895 2907 1068 2951 viator:

336 2975 506 3024 Visam
531 2975 783 3021 Britannos
808 2972 1068 3033 hospitibus
1092 2969 1230 3028 feros,

340 3040 404 3090 Et
427 3043 585 3088 laetum
610 3041 782 3101 equino
807 3038 1038 3100 sanguine
1064 3036 1376 3091 Concanum3

405 3107 573 3218 Ἧῗιὲι
595 3107 886 3168 pharetratos
909 3103 1133 3158 GelonOS,

1643 156 1704 206 41

1647 273 1711 321 70

1664 1457 1725 1504 10

1666 1785 1727 1834 15

1661 2114 1728 2163 20

1663 2767 1731 2816 30
