<?xml version="1.0" encoding="UTF-8"?>
<!DOCTYPE html PUBLIC "-//W3C//DTD XHTML 1.0 Transitional//EN"
    "http://www.w3.org/TR/xhtml1/DTD/xhtml1-transitional.dtd">
<html xmlns="http://www.w3.org/1999/xhtml" xml:lang="en" lang="en">
 <head>
  <title>
</title>
<meta http-equiv="Content-Type" content="text/html;charset=utf-8" />
  <meta name='ocr-system' content='tesseract 3.04.00' />
  <meta name='ocr-capabilities' content='ocr_page ocr_carea ocr_par ocr_line ocrx_word'/>
</head>
<body>
  <div class='ocr_page' id='page_1' title='image "./quintihoratiifla00hora_0165.png"; bbox 0 0 1841 3349; ppageno 0'>
   <div class='ocr_carea' id='block_1_1' title="bbox 516 202 1222 246">
    <p class='ocr_par' dir='ltr' id='par_1_1' title="bbox 516 202 1222 246">
     <span class='ocr_line' id='line_1_1' title="bbox 516 202 1222 246; baseline -0.01 0"><span class='ocrx_word' id='word_1_1' title='bbox 516 204 924 246; x_wconf 82' lang='lat' dir='ltr'>EPISTOLARUM</span> <span class='ocrx_word' id='word_1_2' title='bbox 955 202 1063 242; x_wconf 88' lang='lat' dir='ltr'>LIB.</span> <span class='ocrx_word' id='word_1_3' title='bbox 1095 203 1129 240; x_wconf 88' lang='grc' dir='ltr'>Ι.</span> <span class='ocrx_word' id='word_1_4' title='bbox 1162 204 1222 241; x_wconf 95' lang='lat'>11.</span> 
     </span>
    </p>
   </div>
   <div class='ocr_carea' id='block_1_2' title="bbox 110 321 1415 978">
    <p class='ocr_par' dir='ltr' id='par_1_2' title="bbox 111 321 1175 385">
     <span class='ocr_line' id='line_1_2' title="bbox 111 321 1175 385; baseline -0.007 -11"><span class='ocrx_word' id='word_1_5' title='bbox 111 326 297 374; x_wconf 86' lang='lat' dir='ltr'>Serviet</span> <span class='ocrx_word' id='word_1_6' title='bbox 321 323 566 382; x_wconf 65' lang='lat' dir='ltr'>aeternum,</span> <span class='ocrx_word' id='word_1_7' title='bbox 590 325 700 385; x_wconf 91' lang='lat' dir='ltr'>quia</span> <span class='ocrx_word' id='word_1_8' title='bbox 722 338 864 385; x_wconf 87' lang='lat' dir='ltr'>parvo</span> <span class='ocrx_word' id='word_1_9' title='bbox 888 321 1070 367; x_wconf 81' lang='lat' dir='ltr'>nesciet</span> <span class='ocrx_word' id='word_1_10' title='bbox 1094 322 1175 367; x_wconf 88' lang='lat' dir='ltr'>uti.</span> 
     </span>
    </p>

    <p class='ocr_par' dir='ltr' id='par_1_3' title="bbox 110 385 1254 446">
     <span class='ocr_line' id='line_1_3' title="bbox 110 385 1254 446; baseline -0.009 -7"><span class='ocrx_word' id='word_1_11' title='bbox 110 393 203 438; x_wconf 84' lang='lat' dir='ltr'>Cui</span> <span class='ocrx_word' id='word_1_12' title='bbox 227 409 322 439; x_wconf 88' lang='lat' dir='ltr'>non</span> <span class='ocrx_word' id='word_1_13' title='bbox 348 390 596 437; x_wconf 85' lang='lat' dir='ltr'>conveniet</span> <span class='ocrx_word' id='word_1_14' title='bbox 616 405 701 434; x_wconf 91' lang='lat' dir='ltr'>sua</span> <span class='ocrx_word' id='word_1_15' title='bbox 724 405 813 446; x_wconf 85' lang='lat' dir='ltr'>res,</span> <span class='ocrx_word' id='word_1_16' title='bbox 840 396 891 432; x_wconf 91' lang='lat' dir='ltr'>ut</span> <span class='ocrx_word' id='word_1_17' title='bbox 915 387 1105 432; x_wconf 84' lang='lat' dir='ltr'>calceus</span> <span class='ocrx_word' id='word_1_18' title='bbox 1127 385 1254 443; x_wconf 89' lang='lat' dir='ltr'>olim,</span> 
     </span>
    </p>

    <p class='ocr_par' dir='ltr' id='par_1_4' title="bbox 111 452 1297 519">
     <span class='ocr_line' id='line_1_4' title="bbox 111 452 1297 519; baseline -0.008 -15"><span class='ocrx_word' id='word_1_19' title='bbox 111 459 162 504; x_wconf 87' lang='lat' dir='ltr'>Si</span> <span class='ocrx_word' id='word_1_20' title='bbox 182 459 300 519; x_wconf 90' lang='lat' dir='ltr'>pede</span> <span class='ocrx_word' id='word_1_21' title='bbox 325 457 469 517; x_wconf 86' lang='lat' dir='ltr'>major</span> <span class='ocrx_word' id='word_1_22' title='bbox 493 455 596 512; x_wconf 91' lang='lat' dir='ltr'>erit,</span> <span class='ocrx_word' id='word_1_23' title='bbox 623 455 886 509; x_wconf 86' lang='lat' dir='ltr'>subvertet;</span> <span class='ocrx_word' id='word_1_24' title='bbox 925 452 962 497; x_wconf 87' lang='lat' dir='ltr'>si</span> <span class='ocrx_word' id='word_1_25' title='bbox 988 452 1155 511; x_wconf 89' lang='lat' dir='ltr'>minor,</span> <span class='ocrx_word' id='word_1_26' title='bbox 1182 458 1297 496; x_wconf 91' lang='lat' dir='ltr'>uret.</span> 
     </span>
    </p>

    <p class='ocr_par' dir='ltr' id='par_1_5' title="bbox 110 517 1150 580">
     <span class='ocr_line' id='line_1_5' title="bbox 110 517 1150 580; baseline -0.008 -11"><span class='ocrx_word' id='word_1_27' title='bbox 110 522 271 569; x_wconf 80' lang='lat' dir='ltr'>Laetus</span> <span class='ocrx_word' id='word_1_28' title='bbox 296 531 417 568; x_wconf 86' lang='lat' dir='ltr'>sorte</span> <span class='ocrx_word' id='word_1_29' title='bbox 442 520 522 567; x_wconf 72' lang='lat' dir='ltr'>tua</span> <span class='ocrx_word' id='word_1_30' title='bbox 545 520 670 566; x_wconf 90' lang='lat' dir='ltr'>vives</span> <span class='ocrx_word' id='word_1_31' title='bbox 694 520 945 580; x_wconf 79' lang='lat' dir='ltr'>sapienter,</span> <span class='ocrx_word' id='word_1_32' title='bbox 971 517 1118 563; x_wconf 86' lang='lat' dir='ltr'><strong>Aristi</strong></span> <span class='ocrx_word' id='word_1_33' title='bbox 1140 533 1150 572; x_wconf 84' lang='lat'><em>3</em></span> 
     </span>
    </p>

    <p class='ocr_par' dir='ltr' id='par_1_6' title="bbox 111 583 1191 646">
     <span class='ocr_line' id='line_1_6' title="bbox 111 583 1191 646; baseline -0.007 -12"><span class='ocrx_word' id='word_1_34' title='bbox 111 589 220 634; x_wconf 88' lang='lat' dir='ltr'>Nec</span> <span class='ocrx_word' id='word_1_35' title='bbox 244 604 318 633; x_wconf 93' lang='lat' dir='ltr'>me</span> <span class='ocrx_word' id='word_1_36' title='bbox 345 587 552 632; x_wconf 86' lang='lat' dir='ltr'>dimittes</span> <span class='ocrx_word' id='word_1_37' title='bbox 577 586 926 646; x_wconf 84' lang='lat' dir='ltr'>incastigatum‚</span> <span class='ocrx_word' id='word_1_38' title='bbox 952 584 1033 628; x_wconf 90' lang='lat' dir='ltr'>ubi</span> <span class='ocrx_word' id='word_1_39' title='bbox 1057 583 1191 644; x_wconf 90' lang='lat' dir='ltr'>plura</span> 
     </span>
    </p>

    <p class='ocr_par' dir='ltr' id='par_1_7' title="bbox 111 646 1357 715">
     <span class='ocr_line' id='line_1_7' title="bbox 111 646 1357 715; baseline -0.005 -16"><span class='ocrx_word' id='word_1_40' title='bbox 111 654 294 715; x_wconf 85' lang='lat' dir='ltr'>Cogere</span> <span class='ocrx_word' id='word_1_41' title='bbox 317 651 459 713; x_wconf 70' lang='lat' dir='ltr'>quam</span> <span class='ocrx_word' id='word_1_42' title='bbox 484 649 596 697; x_wconf 82' lang='lat' dir='ltr'>satis</span> <span class='ocrx_word' id='word_1_43' title='bbox 619 661 705 709; x_wconf 87' lang='lat' dir='ltr'>est,</span> <span class='ocrx_word' id='word_1_44' title='bbox 732 667 787 696; x_wconf 90' lang='lat' dir='ltr'>ac</span> <span class='ocrx_word' id='word_1_45' title='bbox 808 667 900 697; x_wconf 90' lang='lat' dir='ltr'>non</span> <span class='ocrx_word' id='word_1_46' title='bbox 926 665 1126 706; x_wconf 87' lang='lat' dir='ltr'>cessare,</span> <span class='ocrx_word' id='word_1_47' title='bbox 1151 646 1357 693; x_wconf 91' lang='lat' dir='ltr'>videbor.</span> 
     </span>
    </p>

    <p class='ocr_par' dir='ltr' id='par_1_8' title="bbox 111 714 1245 781">
     <span class='ocr_line' id='line_1_8' title="bbox 111 714 1245 781; baseline -0.006 -17"><span class='ocrx_word' id='word_1_48' title='bbox 111 719 321 781; x_wconf 79' lang='lat' dir='ltr'>Imperat</span> <span class='ocrx_word' id='word_1_49' title='bbox 341 728 421 764; x_wconf 91' lang='lat' dir='ltr'>aut</span> <span class='ocrx_word' id='word_1_50' title='bbox 445 718 585 763; x_wconf 89' lang='lat' dir='ltr'>servit</span> <span class='ocrx_word' id='word_1_51' title='bbox 608 717 807 763; x_wconf 88' lang='lat' dir='ltr'>collecta</span> <span class='ocrx_word' id='word_1_52' title='bbox 830 715 1033 777; x_wconf 91' lang='lat' dir='ltr'>pecunia</span> <span class='ocrx_word' id='word_1_53' title='bbox 1058 714 1245 774; x_wconf 89' lang='lat' dir='ltr'>cuique,</span> 
     </span>
    </p>

    <p class='ocr_par' dir='ltr' id='par_1_9' title="bbox 111 777 1415 909">
     <span class='ocr_line' id='line_1_9' title="bbox 111 777 1415 845; baseline -0.007 -14"><span class='ocrx_word' id='word_1_54' title='bbox 111 784 313 831; x_wconf 88' lang='lat' dir='ltr'>Tortum</span> <span class='ocrx_word' id='word_1_55' title='bbox 340 784 484 845; x_wconf 89' lang='lat' dir='ltr'>digna</span> <span class='ocrx_word' id='word_1_56' title='bbox 508 782 638 843; x_wconf 88' lang='lat' dir='ltr'>sequi</span> <span class='ocrx_word' id='word_1_57' title='bbox 663 780 833 844; x_wconf 76' lang='lat' dir='ltr'>potius,</span> <span class='ocrx_word' id='word_1_58' title='bbox 859 779 1000 840; x_wconf 69' lang='lat' dir='ltr'>quam</span> <span class='ocrx_word' id='word_1_59' title='bbox 1027 780 1218 835; x_wconf 89' lang='lat' dir='ltr'>ducere,</span> <span class='ocrx_word' id='word_1_60' title='bbox 1240 777 1415 823; x_wconf 90' lang='lat' dir='ltr'>funem.</span> 
     </span>
     <span class='ocr_line' id='line_1_10' title="bbox 178 843 1400 909; baseline -0.007 -13"><span class='ocrx_word' id='word_1_61' title='bbox 178 850 300 896; x_wconf 86' lang='lat' dir='ltr'>Haec</span> <span class='ocrx_word' id='word_1_62' title='bbox 325 849 409 895; x_wconf 92' lang='lat' dir='ltr'>tibi</span> <span class='ocrx_word' id='word_1_63' title='bbox 434 848 671 894; x_wconf 82' lang='lat' dir='ltr'>dictabam</span> <span class='ocrx_word' id='word_1_64' title='bbox 696 856 799 909; x_wconf 89' lang='lat' dir='ltr'>post</span> <span class='ocrx_word' id='word_1_65' title='bbox 823 847 983 892; x_wconf 90' lang='lat' dir='ltr'>fanum</span> <span class='ocrx_word' id='word_1_66' title='bbox 1007 854 1143 906; x_wconf 90' lang='lat' dir='ltr'>putre</span> <span class='ocrx_word' id='word_1_67' title='bbox 1168 843 1400 901; x_wconf 85' lang='lat' dir='ltr'>Vacunae,</span> 
     </span>
    </p>

    <p class='ocr_par' dir='ltr' id='par_1_10' title="bbox 113 910 1298 978">
     <span class='ocr_line' id='line_1_11' title="bbox 113 910 1298 978; baseline -0.008 -15"><span class='ocrx_word' id='word_1_68' title='bbox 113 915 324 978; x_wconf 84' lang='lat' dir='ltr'>Excepto</span> <span class='ocrx_word' id='word_1_69' title='bbox 346 912 474 977; x_wconf 74' lang='lat' dir='ltr'>quod</span> <span class='ocrx_word' id='word_1_70' title='bbox 497 930 594 961; x_wconf 91' lang='lat' dir='ltr'>non</span> <span class='ocrx_word' id='word_1_71' title='bbox 619 913 758 959; x_wconf 90' lang='lat' dir='ltr'>simul</span> <span class='ocrx_word' id='word_1_72' title='bbox 783 928 925 970; x_wconf 83' lang='lat' dir='ltr'>esses,</span> <span class='ocrx_word' id='word_1_73' title='bbox 951 920 1123 956; x_wconf 86' lang='lat' dir='ltr'>caetera</span> <span class='ocrx_word' id='word_1_74' title='bbox 1145 910 1298 956; x_wconf 89' lang='lat' dir='ltr'>laetus.</span> 
     </span>
    </p>
   </div>
   <div class='ocr_carea' id='block_1_3' title="bbox 643 1204 1105 1254">
    <p class='ocr_par' dir='ltr' id='par_1_11' title="bbox 643 1204 1105 1254">
     <span class='ocr_line' id='line_1_12' title="bbox 643 1204 1105 1254; baseline -0.006 0"><span class='ocrx_word' id='word_1_75' title='bbox 643 1205 982 1254; x_wconf 88' lang='lat' dir='ltr'>EPISTOLA</span> <span class='ocrx_word' id='word_1_76' title='bbox 1013 1204 1105 1252; x_wconf 90' lang='lat' dir='ltr'>XI.</span> 
     </span>
    </p>
   </div>
   <div class='ocr_carea' id='block_1_4' title="bbox 670 1337 1068 1369">
    <p class='ocr_par' dir='ltr' id='par_1_12' title="bbox 670 1337 1068 1369">
     <span class='ocr_line' id='line_1_13' title="bbox 670 1337 1068 1369; baseline -0.005 0"><span class='ocrx_word' id='word_1_77' title='bbox 670 1339 736 1369; x_wconf 87' lang='lat' dir='ltr'>AD</span> <span class='ocrx_word' id='word_1_78' title='bbox 765 1337 1068 1369; x_wconf 85' lang='lat' dir='ltr'>BULLATIUM.</span> 
     </span>
    </p>
   </div>
   <div class='ocr_carea' id='block_1_5' title="bbox 112 1436 1522 3072">
    <p class='ocr_par' dir='ltr' id='par_1_13' title="bbox 112 1436 1522 1752">
     <span class='ocr_line' id='line_1_14' title="bbox 112 1436 1354 1498; baseline -0.005 -9"><span class='ocrx_word' id='word_1_79' title='bbox 112 1443 253 1494; x_wconf 73' lang='lat' dir='ltr'>Qum</span> <span class='ocrx_word' id='word_1_80' title='bbox 277 1441 363 1488; x_wconf 90' lang='lat' dir='ltr'>tibi</span> <span class='ocrx_word' id='word_1_81' title='bbox 386 1440 485 1487; x_wconf 88' lang='lat' dir='ltr'>visa</span> <span class='ocrx_word' id='word_1_82' title='bbox 509 1439 672 1498; x_wconf 90' lang='lat' dir='ltr'>Chios,</span> <span class='ocrx_word' id='word_1_83' title='bbox 699 1437 889 1496; x_wconf 87' lang='lat' dir='ltr'>Bullati,</span> <span class='ocrx_word' id='word_1_84' title='bbox 915 1446 1117 1498; x_wconf 87' lang='lat' dir='ltr'>notaque</span> <span class='ocrx_word' id='word_1_85' title='bbox 1143 1436 1354 1484; x_wconf 65' lang='lat' dir='ltr'>Lesbos?</span> 
     </span>
     <span class='ocr_line' id='line_1_15' title="bbox 113 1502 1437 1566; baseline -0.004 -11"><span class='ocrx_word' id='word_1_86' title='bbox 113 1509 249 1559; x_wconf 79' lang='lat' dir='ltr'>Quid</span> <span class='ocrx_word' id='word_1_87' title='bbox 273 1507 511 1554; x_wconf 88' lang='lat' dir='ltr'>concinna</span> <span class='ocrx_word' id='word_1_88' title='bbox 537 1506 735 1552; x_wconf 65' lang='lat' dir='ltr'>Samos?</span> <span class='ocrx_word' id='word_1_89' title='bbox 771 1504 883 1566; x_wconf 93' lang='lat' dir='ltr'>quid</span> <span class='ocrx_word' id='word_1_90' title='bbox 908 1503 1060 1549; x_wconf 86' lang='lat' dir='ltr'>Croesi</span> <span class='ocrx_word' id='word_1_91' title='bbox 1086 1503 1216 1566; x_wconf 87' lang='lat' dir='ltr'>regia</span> <span class='ocrx_word' id='word_1_92' title='bbox 1241 1502 1437 1550; x_wconf 67' lang='lat' dir='ltr'>Sardis?</span> 
     </span>
     <span class='ocr_line' id='line_1_16' title="bbox 116 1568 1501 1635; baseline -0.004 -15"><span class='ocrx_word' id='word_1_93' title='bbox 116 1576 317 1635; x_wconf 82' lang='lat' dir='ltr'>Smyrna</span> <span class='ocrx_word' id='word_1_94' title='bbox 339 1574 467 1634; x_wconf 88' lang='lat' dir='ltr'>quid,</span> <span class='ocrx_word' id='word_1_95' title='bbox 492 1582 539 1618; x_wconf 91' lang='lat' dir='ltr'>et</span> <span class='ocrx_word' id='word_1_96' title='bbox 562 1572 840 1633; x_wconf 65' lang='lat' dir='ltr'>Colophon?</span> <span class='ocrx_word' id='word_1_97' title='bbox 877 1570 1052 1630; x_wconf 86' lang='lat' dir='ltr'>majora</span> <span class='ocrx_word' id='word_1_98' title='bbox 1076 1569 1316 1615; x_wconf 82' lang='lat' dir='ltr'>minorave</span> <span class='ocrx_word' id='word_1_99' title='bbox 1341 1568 1501 1615; x_wconf 69' lang='lat' dir='ltr'>fama&#39;l</span> 
     </span>
     <span class='ocr_line' id='line_1_17' title="bbox 116 1634 1522 1700; baseline -0.004 -14"><span class='ocrx_word' id='word_1_100' title='bbox 116 1641 400 1700; x_wconf 90' lang='lat' dir='ltr'>Cunctaque</span> <span class='ocrx_word' id='word_1_101' title='bbox 424 1655 518 1700; x_wconf 83' lang='lat' dir='ltr'>prae</span> <span class='ocrx_word' id='word_1_102' title='bbox 544 1638 725 1698; x_wconf 90' lang='lat' dir='ltr'>Campo</span> <span class='ocrx_word' id='word_1_103' title='bbox 749 1645 796 1681; x_wconf 92' lang='lat' dir='ltr'>et</span> <span class='ocrx_word' id='word_1_104' title='bbox 820 1635 1052 1681; x_wconf 90' lang='lat' dir='ltr'>Tiberino</span> <span class='ocrx_word' id='word_1_105' title='bbox 1076 1634 1270 1680; x_wconf 88' lang='lat' dir='ltr'>flumine</span> <span class='ocrx_word' id='word_1_106' title='bbox 1296 1634 1522 1681; x_wconf 66' lang='lat' dir='ltr'>sordent?</span> 
     </span>
     <span class='ocr_line' id='line_1_18' title="bbox 116 1701 1303 1752; baseline -0.006 0"><span class='ocrx_word' id='word_1_107' title='bbox 116 1707 196 1752; x_wconf 92' lang='lat' dir='ltr'>An</span> <span class='ocrx_word' id='word_1_108' title='bbox 222 1705 350 1751; x_wconf 86' lang='lat' dir='ltr'>venit</span> <span class='ocrx_word' id='word_1_109' title='bbox 374 1705 421 1750; x_wconf 92' lang='lat' dir='ltr'>in</span> <span class='ocrx_word' id='word_1_110' title='bbox 447 1714 604 1750; x_wconf 90' lang='lat' dir='ltr'>votum</span> <span class='ocrx_word' id='word_1_111' title='bbox 631 1702 848 1748; x_wconf 77' lang='lat' dir='ltr'>Attalicis</span> <span class='ocrx_word' id='word_1_112' title='bbox 874 1717 932 1746; x_wconf 79' lang='lat' dir='ltr'>ex</span> <span class='ocrx_word' id='word_1_113' title='bbox 957 1701 1150 1747; x_wconf 86' lang='lat' dir='ltr'>urbibus</span> <span class='ocrx_word' id='word_1_114' title='bbox 1177 1701 1303 1745; x_wconf 73' lang='lat' dir='ltr'>una?</span> 
     </span>
    </p>

    <p class='ocr_par' dir='ltr' id='par_1_14' title="bbox 114 1765 1438 2095">
     <span class='ocr_line' id='line_1_19' title="bbox 117 1765 1438 1827; baseline -0.005 -10"><span class='ocrx_word' id='word_1_115' title='bbox 117 1773 197 1817; x_wconf 93' lang='lat' dir='ltr'>An</span> <span class='ocrx_word' id='word_1_116' title='bbox 222 1770 467 1816; x_wconf 88' lang='lat' dir='ltr'>Lebedum</span> <span class='ocrx_word' id='word_1_117' title='bbox 492 1769 672 1826; x_wconf 89' lang='lat' dir='ltr'>laudas,</span> <span class='ocrx_word' id='word_1_118' title='bbox 697 1768 805 1814; x_wconf 91' lang='lat' dir='ltr'>odio</span> <span class='ocrx_word' id='word_1_119' title='bbox 829 1767 970 1812; x_wconf 90' lang='lat' dir='ltr'>maris</span> <span class='ocrx_word' id='word_1_120' title='bbox 995 1775 1132 1827; x_wconf 90' lang='lat' dir='ltr'>atque</span> <span class='ocrx_word' id='word_1_121' title='bbox 1156 1765 1337 1811; x_wconf 90' lang='lat' dir='ltr'>viarum</span> <span class='ocrx_word' id='word_1_122' title='bbox 1351 1766 1438 1811; x_wconf 72' lang='lat' dir='ltr'>&#39;l—</span> 
     </span>
     <span class='ocr_line' id='line_1_20' title="bbox 116 1832 1323 1896; baseline -0.004 -13"><span class='ocrx_word' id='word_1_123' title='bbox 116 1837 222 1883; x_wconf 84' lang='lat' dir='ltr'>Scis</span> <span class='ocrx_word' id='word_1_124' title='bbox 246 1836 466 1882; x_wconf 89' lang='lat' dir='ltr'>Lebedus</span> <span class='ocrx_word' id='word_1_125' title='bbox 490 1835 601 1896; x_wconf 89' lang='lat' dir='ltr'>quid</span> <span class='ocrx_word' id='word_1_126' title='bbox 627 1836 707 1889; x_wconf 79' lang='lat' dir='ltr'>srt;</span> <span class='ocrx_word' id='word_1_127' title='bbox 744 1833 910 1879; x_wconf 83' lang='lat' dir='ltr'>Gabiis</span> <span class='ocrx_word' id='word_1_128' title='bbox 934 1832 1159 1877; x_wconf 88' lang='lat' dir='ltr'>desertior</span> <span class='ocrx_word' id='word_1_129' title='bbox 1185 1840 1323 1893; x_wconf 83' lang='lat' dir='ltr'>atque</span> 
     </span>
     <span class='ocr_line' id='line_1_21' title="bbox 115 1898 1210 1953; baseline -0.005 -5"><span class='ocrx_word' id='word_1_130' title='bbox 115 1902 312 1948; x_wconf 87' lang='lat' dir='ltr'>Fidenis</span> <span class='ocrx_word' id='word_1_131' title='bbox 336 1902 493 1947; x_wconf 86' lang='lat' dir='ltr'>vicus:</span> <span class='ocrx_word' id='word_1_132' title='bbox 530 1910 689 1946; x_wconf 90' lang='lat' dir='ltr'>tamen</span> <span class='ocrx_word' id='word_1_133' title='bbox 717 1899 813 1944; x_wconf 91' lang='lat' dir='ltr'>illic</span> <span class='ocrx_word' id='word_1_134' title='bbox 838 1898 990 1944; x_wconf 88' lang='lat' dir='ltr'>vivere</span> <span class='ocrx_word' id='word_1_135' title='bbox 1016 1898 1210 1953; x_wconf 85' lang='lat' dir='ltr'>vellem3</span> 
     </span>
     <span class='ocr_line' id='line_1_22' title="bbox 114 1963 1224 2028; baseline -0.006 -14"><span class='ocrx_word' id='word_1_136' title='bbox 114 1968 395 2028; x_wconf 84' lang='lat' dir='ltr'>Oblitusque</span> <span class='ocrx_word' id='word_1_137' title='bbox 421 1982 649 2023; x_wconf 85' lang='lat' dir='ltr'>meorum,</span> <span class='ocrx_word' id='word_1_138' title='bbox 675 1964 1023 2010; x_wconf 88' lang='lat' dir='ltr'>obliviscendus</span> <span class='ocrx_word' id='word_1_139' title='bbox 1047 1973 1093 2008; x_wconf 94' lang='lat' dir='ltr'>et</span> <span class='ocrx_word' id='word_1_140' title='bbox 1116 1963 1224 2020; x_wconf 86' lang='lat' dir='ltr'>illis,</span> 
     </span>
     <span class='ocr_line' id='line_1_23' title="bbox 115 2029 1355 2095; baseline -0.006 -15"><span class='ocrx_word' id='word_1_141' title='bbox 115 2033 394 2095; x_wconf 89' lang='lat' dir='ltr'>Neptunum</span> <span class='ocrx_word' id='word_1_142' title='bbox 421 2031 581 2093; x_wconf 87' lang='lat' dir='ltr'>procul</span> <span class='ocrx_word' id='word_1_143' title='bbox 608 2047 633 2076; x_wconf 93' lang='lat' dir='ltr'>e</span> <span class='ocrx_word' id='word_1_144' title='bbox 654 2031 777 2076; x_wconf 74' lang='lat' dir='ltr'>terra</span> <span class='ocrx_word' id='word_1_145' title='bbox 802 2039 1012 2090; x_wconf 88' lang='lat' dir='ltr'>spectare</span> <span class='ocrx_word' id='word_1_146' title='bbox 1038 2029 1355 2074; x_wconf 88' lang='lat' dir='ltr'>furentem.—</span> 
     </span>
    </p>

    <p class='ocr_par' dir='ltr' id='par_1_15' title="bbox 117 2094 1461 2226">
     <span class='ocr_line' id='line_1_24' title="bbox 118 2094 1461 2159; baseline -0.004 -14"><span class='ocrx_word' id='word_1_147' title='bbox 118 2100 212 2146; x_wconf 82' lang='lat' dir='ltr'>Sed</span> <span class='ocrx_word' id='word_1_148' title='bbox 239 2114 391 2159; x_wconf 91' lang='lat' dir='ltr'>neque</span> <span class='ocrx_word' id='word_1_149' title='bbox 415 2097 493 2158; x_wconf 91' lang='lat' dir='ltr'>qui</span> <span class='ocrx_word' id='word_1_150' title='bbox 519 2096 685 2158; x_wconf 70' lang='lat' dir='ltr'>Capua</span> <span class='ocrx_word' id='word_1_151' title='bbox 710 2096 916 2141; x_wconf 85' lang='lat' dir='ltr'>Romam</span> <span class='ocrx_word' id='word_1_152' title='bbox 942 2095 1072 2156; x_wconf 89' lang='lat' dir='ltr'>petit,</span> <span class='ocrx_word' id='word_1_153' title='bbox 1099 2094 1247 2139; x_wconf 86' lang='lat' dir='ltr'>imbre</span> <span class='ocrx_word' id='word_1_154' title='bbox 1271 2094 1461 2155; x_wconf 82' lang='lat' dir='ltr'>lutoque</span> 
     </span>
     <span class='ocr_line' id='line_1_25' title="bbox 117 2159 1282 2226; baseline -0.005 -15"><span class='ocrx_word' id='word_1_155' title='bbox 117 2166 369 2226; x_wconf 81' lang='lat' dir='ltr'>Aspersus‚</span> <span class='ocrx_word' id='word_1_156' title='bbox 394 2163 516 2209; x_wconf 88' lang='lat' dir='ltr'>volet</span> <span class='ocrx_word' id='word_1_157' title='bbox 540 2163 588 2208; x_wconf 92' lang='lat' dir='ltr'>in</span> <span class='ocrx_word' id='word_1_158' title='bbox 613 2162 828 2222; x_wconf 76' lang='lat' dir='ltr'>caupona</span> <span class='ocrx_word' id='word_1_159' title='bbox 854 2161 1033 2206; x_wconf 90' lang='lat' dir='ltr'>vivere:</span> <span class='ocrx_word' id='word_1_160' title='bbox 1071 2175 1177 2218; x_wconf 81' lang='lat' dir='ltr'>nec,</span> <span class='ocrx_word' id='word_1_161' title='bbox 1202 2159 1282 2220; x_wconf 91' lang='lat' dir='ltr'>qui</span> 
     </span>
    </p>

    <p class='ocr_par' dir='ltr' id='par_1_16' title="bbox 116 2226 1156 2292">
     <span class='ocr_line' id='line_1_26' title="bbox 116 2226 1156 2292; baseline -0.006 -16"><span class='ocrx_word' id='word_1_162' title='bbox 116 2230 288 2292; x_wconf 83' lang='lat' dir='ltr'>Frigus</span> <span class='ocrx_word' id='word_1_163' title='bbox 313 2229 515 2290; x_wconf 85' lang='lat' dir='ltr'>collegit,</span> <span class='ocrx_word' id='word_1_164' title='bbox 536 2228 696 2279; x_wconf 87' lang='lat' dir='ltr'>furnos</span> <span class='ocrx_word' id='word_1_165' title='bbox 720 2237 767 2273; x_wconf 87' lang='lat' dir='ltr'>et</span> <span class='ocrx_word' id='word_1_166' title='bbox 790 2227 958 2272; x_wconf 90' lang='lat' dir='ltr'>balnea</span> <span class='ocrx_word' id='word_1_167' title='bbox 981 2226 1156 2283; x_wconf 87' lang='lat' dir='ltr'>laudat,</span> 
     </span>
    </p>

    <p class='ocr_par' dir='ltr' id='par_1_17' title="bbox 116 2292 1140 2356">
     <span class='ocr_line' id='line_1_27' title="bbox 116 2292 1140 2356; baseline -0.006 -13"><span class='ocrx_word' id='word_1_168' title='bbox 116 2296 179 2342; x_wconf 92' lang='lat' dir='ltr'>Ut</span> <span class='ocrx_word' id='word_1_169' title='bbox 205 2297 485 2342; x_wconf 88' lang='lat' dir='ltr'>fortunatam</span> <span class='ocrx_word' id='word_1_170' title='bbox 511 2292 651 2356; x_wconf 72' lang='lat' dir='ltr'>plene</span> <span class='ocrx_word' id='word_1_171' title='bbox 677 2293 945 2355; x_wconf 84' lang='lat' dir='ltr'>praestantia</span> <span class='ocrx_word' id='word_1_172' title='bbox 968 2293 1108 2337; x_wconf 88' lang='lat' dir='ltr'>vitam</span> <span class='ocrx_word' id='word_1_173' title='bbox 1131 2307 1140 2337; x_wconf 75' lang='grc' dir='ltr'>ε</span> 
     </span>
    </p>

    <p class='ocr_par' dir='ltr' id='par_1_18' title="bbox 117 2357 1251 2421">
     <span class='ocr_line' id='line_1_28' title="bbox 117 2357 1251 2421; baseline -0.005 -13"><span class='ocrx_word' id='word_1_174' title='bbox 117 2361 239 2420; x_wconf 89' lang='lat' dir='ltr'>Nec,</span> <span class='ocrx_word' id='word_1_175' title='bbox 265 2361 304 2407; x_wconf 90' lang='lat' dir='ltr'>si</span> <span class='ocrx_word' id='word_1_176' title='bbox 327 2371 373 2407; x_wconf 90' lang='lat' dir='ltr'>te</span> <span class='ocrx_word' id='word_1_177' title='bbox 398 2361 580 2406; x_wconf 88' lang='lat' dir='ltr'>validus</span> <span class='ocrx_word' id='word_1_178' title='bbox 600 2359 844 2421; x_wconf 89' lang='lat' dir='ltr'>jactaverit</span> <span class='ocrx_word' id='word_1_179' title='bbox 868 2359 1043 2404; x_wconf 90' lang='lat' dir='ltr'>Auster</span> <span class='ocrx_word' id='word_1_180' title='bbox 1068 2357 1117 2403; x_wconf 92' lang='lat' dir='ltr'>in</span> <span class='ocrx_word' id='word_1_181' title='bbox 1143 2357 1251 2415; x_wconf 89' lang='lat' dir='ltr'>alto,</span> 
     </span>
    </p>

    <p class='ocr_par' dir='ltr' id='par_1_19' title="bbox 115 2423 1419 2615">
     <span class='ocr_line' id='line_1_29' title="bbox 117 2423 1251 2485; baseline -0.004 -12"><span class='ocrx_word' id='word_1_182' title='bbox 117 2427 304 2473; x_wconf 89' lang='lat' dir='ltr'>Idcirco</span> <span class='ocrx_word' id='word_1_183' title='bbox 326 2442 492 2473; x_wconf 89' lang='lat' dir='ltr'>navem</span> <span class='ocrx_word' id='word_1_184' title='bbox 517 2435 646 2471; x_wconf 89' lang='lat' dir='ltr'>trans</span> <span class='ocrx_word' id='word_1_185' title='bbox 672 2425 890 2485; x_wconf 83' lang='lat' dir='ltr'>AEgaeum</span> <span class='ocrx_word' id='word_1_186' title='bbox 915 2440 1043 2469; x_wconf 86' lang='lat' dir='ltr'>mare</span> <span class='ocrx_word' id='word_1_187' title='bbox 1064 2423 1251 2469; x_wconf 87' lang='lat' dir='ltr'>vendas.</span> 
     </span>
     <span class='ocr_line' id='line_1_30' title="bbox 116 2487 1419 2550; baseline -0.005 -11"><span class='ocrx_word' id='word_1_188' title='bbox 116 2491 353 2539; x_wconf 88' lang='lat' dir='ltr'>Incolumi</span> <span class='ocrx_word' id='word_1_189' title='bbox 374 2491 572 2537; x_wconf 85' lang='lat' dir='ltr'>Rhodos</span> <span class='ocrx_word' id='word_1_190' title='bbox 597 2500 643 2536; x_wconf 88' lang='lat' dir='ltr'>et</span> <span class='ocrx_word' id='word_1_191' title='bbox 668 2489 896 2549; x_wconf 90' lang='lat' dir='ltr'>Mitylene</span> <span class='ocrx_word' id='word_1_192' title='bbox 921 2490 1117 2550; x_wconf 88' lang='lat' dir='ltr'>pulchra</span> <span class='ocrx_word' id='word_1_193' title='bbox 1142 2488 1268 2546; x_wconf 88' lang='lat' dir='ltr'>facit,</span> <span class='ocrx_word' id='word_1_194' title='bbox 1294 2487 1419 2549; x_wconf 92' lang='lat' dir='ltr'>quod</span> 
     </span>
     <span class='ocr_line' id='line_1_31' title="bbox 115 2552 1250 2615; baseline -0.004 -12"><span class='ocrx_word' id='word_1_195' title='bbox 115 2558 310 2604; x_wconf 88' lang='lat' dir='ltr'>Paenula</span> <span class='ocrx_word' id='word_1_196' title='bbox 333 2556 544 2612; x_wconf 89' lang='lat' dir='ltr'>solstitio,</span> <span class='ocrx_word' id='word_1_197' title='bbox 570 2565 828 2615; x_wconf 90' lang='lat' dir='ltr'>campestre</span> <span class='ocrx_word' id='word_1_198' title='bbox 853 2555 1085 2600; x_wconf 87' lang='lat' dir='ltr'>nivalibus</span> <span class='ocrx_word' id='word_1_199' title='bbox 1110 2552 1250 2610; x_wconf 74' lang='lat' dir='ltr'>auris,</span> 
     </span>
    </p>

    <p class='ocr_par' dir='ltr' id='par_1_20' title="bbox 117 2619 1303 2677">
     <span class='ocr_line' id='line_1_32' title="bbox 117 2619 1303 2677; baseline -0.005 -8"><span class='ocrx_word' id='word_1_200' title='bbox 117 2623 207 2669; x_wconf 89' lang='lat' dir='ltr'>Per</span> <span class='ocrx_word' id='word_1_201' title='bbox 232 2624 446 2668; x_wconf 92' lang='lat' dir='ltr'>brumam</span> <span class='ocrx_word' id='word_1_202' title='bbox 471 2619 678 2677; x_wconf 82' lang='lat' dir='ltr'>Tiberis,</span> <span class='ocrx_word' id='word_1_203' title='bbox 705 2621 870 2665; x_wconf 77' lang='lat' dir='ltr'>Sextili</span> <span class='ocrx_word' id='word_1_204' title='bbox 889 2635 1051 2665; x_wconf 84' lang='lat' dir='ltr'>mense</span> <span class='ocrx_word' id='word_1_205' title='bbox 1076 2619 1303 2664; x_wconf 88' lang='lat' dir='ltr'>caminus.</span> 
     </span>
    </p>

    <p class='ocr_par' dir='ltr' id='par_1_21' title="bbox 116 2683 1493 2938">
     <span class='ocr_line' id='line_1_33' title="bbox 117 2683 1377 2744; baseline -0.007 -9"><span class='ocrx_word' id='word_1_206' title='bbox 117 2688 244 2735; x_wconf 91' lang='lat' dir='ltr'>Dum</span> <span class='ocrx_word' id='word_1_207' title='bbox 269 2687 397 2744; x_wconf 89' lang='lat' dir='ltr'>licet,</span> <span class='ocrx_word' id='word_1_208' title='bbox 422 2695 469 2732; x_wconf 91' lang='lat' dir='ltr'>et</span> <span class='ocrx_word' id='word_1_209' title='bbox 493 2685 670 2730; x_wconf 90' lang='lat' dir='ltr'>vultum</span> <span class='ocrx_word' id='word_1_210' title='bbox 695 2694 846 2729; x_wconf 89' lang='lat' dir='ltr'>servat</span> <span class='ocrx_word' id='word_1_211' title='bbox 870 2684 1079 2730; x_wconf 87' lang='lat' dir='ltr'>Fortuna</span> <span class='ocrx_word' id='word_1_212' title='bbox 1102 2683 1377 2742; x_wconf 79' lang='lat' dir='ltr'>benignum,</span> 
     </span>
     <span class='ocr_line' id='line_1_34' title="bbox 118 2747 1493 2807; baseline -0.005 -6"><span class='ocrx_word' id='word_1_213' title='bbox 118 2754 288 2801; x_wconf 88' lang='lat' dir='ltr'>Romae</span> <span class='ocrx_word' id='word_1_214' title='bbox 312 2752 528 2798; x_wconf 87' lang='lat' dir='ltr'>laudetur</span> <span class='ocrx_word' id='word_1_215' title='bbox 554 2750 736 2807; x_wconf 82' lang='lat' dir='ltr'>SamOS,</span> <span class='ocrx_word' id='word_1_216' title='bbox 761 2758 808 2795; x_wconf 92' lang='lat' dir='ltr'>et</span> <span class='ocrx_word' id='word_1_217' title='bbox 827 2749 989 2806; x_wconf 85' lang='lat' dir='ltr'>Chios,</span> <span class='ocrx_word' id='word_1_218' title='bbox 1014 2758 1061 2793; x_wconf 88' lang='lat' dir='ltr'>et</span> <span class='ocrx_word' id='word_1_219' title='bbox 1084 2748 1283 2793; x_wconf 90' lang='lat' dir='ltr'>Rhodos</span> <span class='ocrx_word' id='word_1_220' title='bbox 1308 2747 1493 2795; x_wconf 74' lang='lat' dir='ltr'>absens,</span> 
     </span>
     <span class='ocr_line' id='line_1_35' title="bbox 118 2813 1349 2879; baseline -0.006 -13"><span class='ocrx_word' id='word_1_221' title='bbox 118 2818 217 2878; x_wconf 87' lang='lat' dir='ltr'>Tu,</span> <span class='ocrx_word' id='word_1_222' title='bbox 242 2831 570 2879; x_wconf 89' lang='lat' dir='ltr'>quamcunque</span> <span class='ocrx_word' id='word_1_223' title='bbox 596 2816 713 2861; x_wconf 89' lang='lat' dir='ltr'>deus</span> <span class='ocrx_word' id='word_1_224' title='bbox 736 2815 820 2860; x_wconf 92' lang='lat' dir='ltr'>tibi</span> <span class='ocrx_word' id='word_1_225' title='bbox 847 2813 1148 2860; x_wconf 90' lang='lat' dir='ltr'>fortunaverit</span> <span class='ocrx_word' id='word_1_226' title='bbox 1171 2814 1349 2873; x_wconf 88' lang='lat' dir='ltr'>horam,</span> 
     </span>
     <span class='ocr_line' id='line_1_36' title="bbox 116 2878 1376 2938; baseline -0.006 -6"><span class='ocrx_word' id='word_1_227' title='bbox 116 2885 265 2932; x_wconf 69' lang='lat' dir='ltr'>Grata</span> <span class='ocrx_word' id='word_1_228' title='bbox 289 2899 423 2929; x_wconf 86' lang='lat' dir='ltr'>sume</span> <span class='ocrx_word' id='word_1_229' title='bbox 447 2897 617 2938; x_wconf 85' lang='lat' dir='ltr'>manu3</span> <span class='ocrx_word' id='word_1_230' title='bbox 654 2896 750 2926; x_wconf 92' lang='lat' dir='ltr'>neu</span> <span class='ocrx_word' id='word_1_231' title='bbox 774 2880 932 2925; x_wconf 89' lang='lat' dir='ltr'>dulcia</span> <span class='ocrx_word' id='word_1_232' title='bbox 955 2878 1088 2924; x_wconf 87' lang='lat' dir='ltr'>differ</span> <span class='ocrx_word' id='word_1_233' title='bbox 1109 2879 1157 2924; x_wconf 91' lang='lat' dir='ltr'>in</span> <span class='ocrx_word' id='word_1_234' title='bbox 1183 2894 1376 2938; x_wconf 88' lang='lat' dir='ltr'>annum,</span> 
     </span>
    </p>

    <p class='ocr_par' dir='ltr' id='par_1_22' title="bbox 116 2944 1225 3011">
     <span class='ocr_line' id='line_1_37' title="bbox 116 2944 1225 3011; baseline -0.005 -15"><span class='ocrx_word' id='word_1_235' title='bbox 116 2949 196 3009; x_wconf 86' lang='lat' dir='ltr'>Ut,</span> <span class='ocrx_word' id='word_1_236' title='bbox 220 2963 501 3011; x_wconf 87' lang='lat' dir='ltr'>quocunque</span> <span class='ocrx_word' id='word_1_237' title='bbox 525 2948 628 2993; x_wconf 91' lang='lat' dir='ltr'>loco</span> <span class='ocrx_word' id='word_1_238' title='bbox 652 2946 809 3003; x_wconf 89' lang='lat' dir='ltr'>fueris,</span> <span class='ocrx_word' id='word_1_239' title='bbox 836 2945 1003 2990; x_wconf 87' lang='lat' dir='ltr'>vixisse</span> <span class='ocrx_word' id='word_1_240' title='bbox 1026 2944 1225 2990; x_wconf 90' lang='lat' dir='ltr'>libenter</span> 
     </span>
    </p>

    <p class='ocr_par' dir='ltr' id='par_1_23' title="bbox 118 3009 1246 3072">
     <span class='ocr_line' id='line_1_38' title="bbox 118 3009 1246 3072; baseline -0.007 -10"><span class='ocrx_word' id='word_1_241' title='bbox 118 3015 195 3062; x_wconf 90' lang='lat' dir='ltr'>Te</span> <span class='ocrx_word' id='word_1_242' title='bbox 219 3015 376 3061; x_wconf 86' lang='lat' dir='ltr'>dicas:</span> <span class='ocrx_word' id='word_1_243' title='bbox 413 3028 523 3058; x_wconf 88' lang='lat' dir='ltr'>nam</span> <span class='ocrx_word' id='word_1_244' title='bbox 547 3013 585 3058; x_wconf 92' lang='lat' dir='ltr'>si</span> <span class='ocrx_word' id='word_1_245' title='bbox 610 3012 727 3058; x_wconf 90' lang='lat' dir='ltr'>ratio</span> <span class='ocrx_word' id='word_1_246' title='bbox 749 3021 798 3057; x_wconf 87' lang='lat' dir='ltr'>et</span> <span class='ocrx_word' id='word_1_247' title='bbox 818 3009 1070 3072; x_wconf 90' lang='lat' dir='ltr'>prudentia</span> <span class='ocrx_word' id='word_1_248' title='bbox 1092 3025 1246 3068; x_wconf 85' lang='lat' dir='ltr'>curas,</span> 
     </span>
    </p>
   </div>
   <div class='ocr_carea' id='block_1_6' title="bbox 118 3074 1233 3190">
    <p class='ocr_par' dir='ltr' id='par_1_24' title="bbox 118 3074 1233 3190">
     <span class='ocr_line' id='line_1_39' title="bbox 118 3074 1233 3190; baseline -0.007 -61"><span class='ocrx_word' id='word_1_249' title='bbox 118 3079 231 3129; x_wconf 88' lang='lat' dir='ltr'>Non</span> <span class='ocrx_word' id='word_1_250' title='bbox 253 3081 386 3128; x_wconf 89' lang='lat' dir='ltr'>locus</span> <span class='ocrx_word' id='word_1_251' title='bbox 408 3077 544 3190; x_wconf 52' lang='lat' dir='ltr'>etffi</span> <span class='ocrx_word' id='word_1_252' title='bbox 566 3075 660 3124; x_wconf 67' lang='lat' dir='ltr'>late</span> <span class='ocrx_word' id='word_1_253' title='bbox 684 3077 826 3124; x_wconf 90' lang='lat' dir='ltr'>maris</span> <span class='ocrx_word' id='word_1_254' title='bbox 849 3076 1036 3136; x_wconf 84' lang='lat' dir='ltr'>arbiter,</span> <span class='ocrx_word' id='word_1_255' title='bbox 1056 3074 1233 3132; x_wconf 80' lang='lat' dir='ltr'>aufert3</span> 
     </span>
    </p>
   </div>
   <div class='ocr_carea' id='block_1_7' title="bbox 1589 199 1682 249">
    <p class='ocr_par' dir='ltr' id='par_1_25' title="bbox 1589 199 1682 249">
     <span class='ocr_line' id='line_1_40' title="bbox 1589 199 1682 249; baseline 0.032 -3"><span class='ocrx_word' id='word_1_256' title='bbox 1589 199 1682 249; x_wconf 85' lang='lat'>157</span> 
     </span>
    </p>
   </div>
   <div class='ocr_carea' id='block_1_8' title="bbox 1641 2028 1700 2075">
    <p class='ocr_par' dir='ltr' id='par_1_26' title="bbox 1641 2028 1700 2075">
     <span class='ocr_line' id='line_1_41' title="bbox 1641 2028 1700 2075; baseline 0.017 -1"><span class='ocrx_word' id='word_1_257' title='bbox 1641 2028 1700 2075; x_wconf 84' lang='lat'>10</span> 
     </span>
    </p>
   </div>
   <div class='ocr_carea' id='block_1_9' title="bbox 1594 2357 1698 2404">
    <p class='ocr_par' dir='ltr' id='par_1_27' title="bbox 1594 2357 1698 2404">
     <span class='ocr_line' id='line_1_42' title="bbox 1594 2357 1698 2404; baseline 0 0"><span class='ocrx_word' id='word_1_258' title='bbox 1594 2357 1698 2404; x_wconf 53' lang='lat'>&gt;15</span> 
     </span>
    </p>
   </div>
  </div>
 </body>
</html>
