1841 3349
84 156 179 206 178
625 157 677 203 Q.
707 157 950 196 HORATII
979 156 1184 197 FLAcci

147 273 236 320 Ille
260 274 452 321 Bioneis
475 276 770 322 sermonibus
793 286 840 322 et
864 276 960 323 sale
984 275 1132 338 nigro.
1661 274 1723 323 60

148 339 272 385 Tres
295 340 411 386 mihi
435 342 642 387 convivae
665 341 810 403 prope
837 343 1084 388 dissentire
1109 341 1341 399 videntur,

83 413 86 415 ’
147 404 405 451 Ρο50011105
429 407 556 453 vario
581 406 783 454 multum
810 408 993 453 diversa
1015 408 1197 468 palato:

146 470 281 521 Quid
307 472 414 516 dem
436 473 452 516 22
489 474 599 532 quid
627 490 722 518 non
749 474 890 518 dem?
927 473 1086 518 renuis
1110 482 1161 517 tu
1184 472 1310 533 quod
1330 471 1464 533 jubet
1488 472 1630 529 alter3

146 535 293 586 Quod
318 538 452 598 petis,
478 538 524 582 id
551 537 666 583 sane
694 548 763 583 est
788 538 989 582 invisum
1015 538 1295 598 acidumque
1321 538 1517 584 duobus.

213 602 387 648 Praeter
414 612 597 661 catera,
624 619 698 648 me
719 603 950 649 Romaene
975 606 1196 664 poemata
1219 618 1386 648 censes
1660 604 1724 649 65

149 668 365 713 Scribere
390 684 525 728 posse
552 670 672 714 inter
692 678 759 714 tot
784 685 921 714 curas
944 678 1102 728 totque
1127 668 1344 714 labores?

147 732 244 778 Η10
268 749 490 794 sponsum
517 744 666 792 vocat,
694 735 769 779 1110
795 736 1004 780 auditum
1031 734 1218 795 scripta,
1244 734 1418 780 relictis

146 797 383 844 Omnibus
406 799 599 846 officiis:
637 802 778 846 cubat
804 801 879 845 hic
907 802 952 845 in
980 800 1098 846 colle
1123 800 1334 858 Quirini,

146 864 243 909 Hic
270 875 479 910 extremo
505 867 551 911 in
579 867 842 922 Aventi1103
880 867 1100 911 visendus
1126 876 1332 925 uterque,

146 928 398 976 Intervalla
423 931 551 976 vides
577 931 782 976 humane
810 929 1319 977 commoda—Verum
1661 932 1724 977 70

145 995 282 1041 Purae
307 1005 416 1040 sunt
441 997 621 1056 plateae,
648 998 761 1043 nihil
791 1008 840 1042 ut
865 997 1201 1042 meditantibus
1225 996 1389 1042 obstet.
1394 1025 1460 1032 -—

146 1060 361 1107 Festinat
385 1063 567 1108 calidus
592 1080 634 1108 m
642 1064 729 1108 ulis
753 1061 1019 1136 gerulisque
1045 1063 1336 1141 1·edcmptor;

145 1126 358 1187 Torquet
383 1144 511 1174 nunc
534 1130 754 1190 lapidem,
781 1145 909 1174 nunc
935 1130 1103 1190 ingens
1128 1120 1348 1174 macliina
1372 1129 1581 1190 tignum·
1571 1166 1581 1185 ,

145 1192 322 1239 Tristia
349 1193 548 1240 robustis
573 1195 809 1241 luctantur
835 1171 1013 1240 1111101οῠ
1022 1195 1264 1255 plaustris·
1254 1231 1263 1249 ,

145 1258 255 1304 Hac
280 1259 462 1305 rabiosa
487 1260 604 1321 fugit
629 1261 776 1319 canis,
804 1262 894 1306 hac
919 1262 1148 1306 lutulenta
1173 1260 1265 1306 ruit
1289 1276 1393 1306 sus:
1659 1261 1729 1306 75·

144 1323 168 1368 I
194 1341 339 1381 nunc,
365 1336 411 1371 et
436 1341 595 1371 versus
620 1336 776 1371 tecum
805 1328 1030 1372 meditare
1057 1342 1265 1371 canoros.

147 1390 439 1451 Scriptorum
465 1392 635 1436 chorus
659 1393 811 1437 omnis
838 1401 959 1437 amat
986 1408 1154 1436 nemus
1178 1402 1222 1436 et
1249 1391 1366 1452 fugit
1393 1392 1546 1449 urbes,

146 1453 262 1501 Rite
289 1456 436 1502 cliens
461 1457 639 1502 Bacchi
665 1474 829 1503 sonmo
853 1457 1103 1518 gaudentis
1128 1466 1174 1501 et
1198 1457 1391 1502 umbra:

145 1519 226 1565 Tu
251 1537 325 1567 me
350 1523 470 1567 inter
495 1523 714 1584 strepitus
738 1533 993 1569 nocturnos
1018 1532 1155 1582 atque
1181 1523 1372 1568 diurnos

145 1586 230 1632 Vis
254 1602 441 1645 canere,
466 1597 513 1633 et
536 1598 778 1634 contracta
802 1589 932 1649 sequi
957 1587 1152 1648 vestigia
1177 1589 1362 1633 vatum?
1657 1589 1722 1635 80

144 1651 415 1714 Ingenium,
442 1653 529 1699 sibi
553 1655 677 1714 quod
706 1671 874 1700 vacuas
899 1654 1158 1715 desumpsit
1183 1654 1414 1712 Athenas,
1444 1664 1457 1678 ⁹

145 1717 206 1765 Et
230 1719 398 1764 studiis
423 1735 571 1764 annos
596 1729 775 1780 septem
802 1721 945 1777 dedit,
972 1720 1270 1779 insenuitque

143 1783 298 1829 Libris
322 1794 368 1830 et
392 1785 533 1841 curis,
559 1787 712 1831 statua
737 1786 1017 1831 taciturnius
1041 1785 1136 1830 exit

144 1848 444 1910 Plerumque,
470 1858 517 1896 et
540 1851 637 1896 risu
660 1851 881 1912 populum
908 1851 1056 1911 quatit
1077 1867 1086 1895 :
1125 1848 1204 1894 hic
1228 1865 1332 1910 ego,
1357 1865 1512 1895 rerum

143 1915 391 1961 Fluctibus
417 1916 465 1961 in
493 1917 660 1961 mediis
683 1926 730 1961 et
755 1917 1108 1977 tempestatibus
1134 1915 1278 1973 urbiS,
1656 1916 1721 1963 85

142 1981 301 2027 Verba
325 1982 434 2042 lyrae
461 1991 643 2027 motura
668 1998 833 2027 sonum
860 1991 1142 2028 connectere
1167 1981 1366 2042 digner?

208 2045 372 2092 Frater
397 2061 495 2092 erat
519 2047 688 2093 Romae
714 2048 915 2093 consulti
939 2049 1112 2104 rhetor,
1140 2056 1189 2092 ut
1214 2047 1328 2092 alter

143 2112 355 2157 Alterius
379 2128 594 2157 sermone
620 2129 772 2158 meros
796 2114 980 2158 audiret
1005 2114 1231 2167 honores3

142 2177 390 2222 Gracchus
415 2186 465 2222 ut
489 2177 566 2222 hic
592 2177 657 2222 illi
684 2178 814 2234 foret,
841 2178 952 2222 huic
978 2187 1027 2222 ut
1052 2177 1243 2222 Mucius
1267 2177 1358 2223 ille.

140 2240 244 2290 Qui
268 2240 425 2286 minsis
450 2252 639 2303 argutos
663 2253 798 2288 vexat
824 2243 947 2287 furor
973 2244 1058 2288 iste
1084 2243 1284 2303 poetas?
1655 2244 1720 2291 90

143 2307 370 2352 Carmina
394 2322 640 2367 compono,
668 2308 744 2352 hic
769 2307 926 2368 elegos
948 2324 956 2352 :
993 2308 1205 2352 mirabile
1230 2307 1347 2364 visu,

143 2371 465 2432 Caelatumque
491 2388 660 2418 novem
687 2373 837 2417 Musis
855 2388 986 2433 opus.
1058 2373 1234 2433 Aspice
1258 2371 1462 2433 primum

141 2438 340 2488 Quanto
365 2453 474 2482 cum
501 2438 636 2496 fastu,
662 2448 835 2498 quanto
860 2438 1101 2483 molimine
1127 2438 1325 2483 circum-

142 2512 410 2565 spectemus
436 2519 631 2549 vacuam
657 2503 890 2550 Romanis
915 2504 1094 2549 vatibus
1120 2505 1281 2549 aedem.

142 2567 258 2614 Mox
281 2569 438 2627 etiam,
465 2569 502 2614 si
529 2567 644 2615 forte
673 2585 826 2627 vacas,
853 2585 1063 2629 sequere,
1089 2579 1134 2615 01
1158 2569 1319 2630 procul
1346 2569 1457 2616 audi
1653 2570 1717 2616 95

140 2633 276 2682 Quid
302 2634 418 2680 ferat
442 2643 489 2680 et
512 2651 653 2695 quare
679 2635 766 2680 sibi
791 2644 950 2680 nectat
975 2644 1167 2695 uterque
1193 2650 1428 2680 coronam.

143 2698 400 2757 caedimur,
425 2709 472 2745 01
495 2701 688 2746 1011ᾱο111
714 2701 863 2762 plagis
887 2701 1209 2746 consumimus
1234 2701 1434 2758 hostem,

142 2762 294 2809 Lento
321 2765 556 2811 Samnites
581 2767 639 2811 ad
663 2766 843 2811 lumina
866 2766 1016 2826 prima
1040 2766 1207 2811 duello.

142 2826 351 2873 Discedo
376 2830 567 2875 Alcaeus
590 2841 767 2892 puncto
792 2832 938 2886 illius3
976 2831 1053 2875 ille
1078 2846 1183 2875 meo
1207 2830 1344 2890 quis?

141 2891 284 2950 Quis,
310 2893 399 2938 nisi
425 2893 777 2941 Callimachus?
814 2897 851 2941 si
875 2897 978 2956 plus
1003 2896 1256 2955 adposcere
1282 2896 1422 2953 visus,
1631 2894 1718 2940 100

144 2956 224 3004 Fit
247 2957 577 3016 Mimnermus,
604 2971 652 3005 et
674 2962 829 3021 optivo
848 2961 1130 3021 cognomine
1156 2960 1340 3006 crescit.

142 3008 298 3069 Multa
323 3023 435 3081 fero,
461 3032 512 3068 ut
534 2998 717 3083 placem
741 3041 893 3084 genus
918 3025 1138 3069 irritabile
1164 3034 1337 3083 vatum,

142 3087 309 3138 Quum
334 3089 488 3135 scribo
510 3096 558 3134 et
580 3088 777 3150 supplex
799 3088 957 3150 populi
982 3086 1204 3151 suffragia
1227 3098 1390 3151 capto:
