1841 3349
129 134 225 182 116
550 177 554 180 ,
582 153 598 164 -
671 120 730 177 Q(
754 129 997 170 HORATH
1026 127 1233 169 FLAcc1

192 250 296 302 Qui
320 265 397 296 me
421 248 688 309 commorit,
727 254 756 274 “
776 247 952 296 Melius
975 265 1070 296 non
1096 258 1291 311 tangere
1307 247 1350 294 !''
1389 245 1560 309 clamo,
1712 246 1779 295 45

194 316 367 374 Flebit,
391 328 439 363 et
464 316 662 378 insignis
684 317 780 362 tota
805 315 1070 362 cantabitur
1090 315 1219 360 urbo.

198 383 390 430 Servius
416 379 560 428 iratus
585 383 714 444 leges
738 382 979 428 minitatur
1003 390 1049 426 et
1074 395 1270 425 urnam:

196 448 400 496 Canidia
425 448 609 505 Albuti,
633 448 801 509 quibus
826 457 896 493 est
921 447 1127 502 inimica,
1154 459 1415 491 venenum:

195 514 390 561 Grande
416 514 591 559 malum
617 513 814 570 Turius,
841 513 877 557 si
902 513 1006 572 quis
1031 527 1080 556 se
1101 511 1261 571 judice
1288 519 1449 557 certet.

198 580 278 639 Ut,
303 597 394 642 quo
417 581 612 640 quisque
638 579 774 636 valet,
801 586 1044 639 suspectos
1067 586 1253 634 terreat,
1280 587 1423 636 utque
1588 587 1591 591 ’
1715 575 1781 622 50

200 646 408 708 Imperet
434 647 521 691 hoc
547 656 714 690 natura
738 655 920 705 potens,
946 643 1014 687 sic
1039 641 1207 702 collige
1235 656 1450 688 mecum:

201 713 358 760 Dente
382 712 537 773 lupus,
563 726 711 756 cornu
735 720 897 755 taurus
921 708 1036 770 petit
1057 724 1066 763 ;
1106 708 1250 763 unde,
1278 707 1366 752 nisi
1393 708 1519 753 intus

200 777 551 824 Monstratum'l
612 777 788 821 Seaevae
814 775 1022 820 vivacem
1047 774 1187 818 crede
1213 773 1368 834 nepoti

201 843 405 890 Matrem
428 860 436 889 :
475 843 540 889 nil
569 843 707 900 faciet
732 841 922 886 sceleris
946 840 1023 900 pia
1047 839 1265 884 dextera:
1305 838 1500 884 mirum!

200 909 265 956 Ut
289 925 442 969 neque
467 909 598 954 calce
625 908 762 968 lupus
786 921 1069 967 quenquam,
1095 920 1248 964 neque
1275 905 1416 950 dente
1442 903 1557 965 petit
1580 903 1691 950 bos:
1718 903 1784 949 55

203 975 299 1021 Sed
326 975 448 1020 mala
473 975 602 1020 tollet
627 988 769 1018 anum
795 972 954 1018 vitiato
979 969 1115 1016 melle
1135 971 1305 1015 cicuta.

201 1040 278 1087 Ne
303 1041 495 1102 longum
523 1040 718 1094 faciam3
757 1054 839 1084 seu
867 1053 940 1083 me
966 1036 1214 1097 tranquilla
1239 1044 1458 1081 senectus

201 1106 475 1169 Exspectat,
501 1122 584 1152 seu
606 1121 728 1151 mors
752 1104 863 1150 atris
888 1102 1193 1149 circumvolat
1218 1102 1302 1147 alis
1323 1118 1333 1157 ;

202 1172 363 1230 Dives,
390 1173 551 1234 inops3
591 1171 776 1228 Romae,
802 1186 884 1215 seu
911 1169 1002 1215 fors
1028 1169 1090 1214 ita
1109 1168 1316 1230 jusserit,
1340 1165 1472 1213 exsul
1488 1182 1500 1223 ;

200 1237 433 1300 Quisquis
456 1239 547 1284 erit
571 1238 694 1296 vitae,
718 1237 938 1293 scribam,
965 1234 1105 1280 color.

827 1357 1094 1384 TREBATIUS.

1125 1427 1172 1474 O
1196 1443 1329 1490 puer,
1353 1436 1405 1475 ut
1427 1426 1491 1474 sis
1721 1425 1786 1475 60

195 1499 373 1561 ,vialis
391 1507 567 1556 metuo,
592 1507 639 1545 et
662 1497 892 1560 majorum
918 1511 979 1542 ne
1002 1496 1106 1556 quis
1130 1495 1313 1540 amicus

203 1564 400 1629 Frigore
423 1575 470 1612 te
495 1565 642 1611 feriat.

838 1668 1080 1696 HORATIUS.

805 1743 940 1796 Quid
958 1743 992 1787 2.
1011 1755 1154 1801 quum
1179 1748 1249 1785 est
1274 1738 1488 1786 Lucilius
1511 1754 1655 1787 ausus

203 1811 390 1859 Primus
414 1812 461 1857 in
487 1811 617 1856 hunc
639 1808 793 1871 operis
818 1822 1099 1868 componere
1125 1806 1335 1851 carmina
1361 1822 1554 1865 morem,

203 1877 464 1925 Detrahere
488 1888 535 1922 et
561 1876 744 1938 pellem,
771 1875 946 1920 nitidus
970 1873 1062 1934 qua
1086 1872 1280 1932 quisque
1307 1888 1387 1933 por
1410 1887 1493 1918 ora

203 1943 424 2001 Cederet‚
453 1944 699 1989 introrsum
726 1941 903 2002 turpis3
941 1954 1054 1985 num
1083 1938 1271 1994 Laelius,
1296 1952 1340 1983 et
1365 1937 1446 1998 qui
1721 1935 1787 1983 65

205 2010 353 2057 Duxit
378 2010 437 2055 ab
459 2008 682 2070 oppressa
707 2007 925 2052 meritum
954 2004 1241 2064 Carthagine
1270 2019 1458 2062 nornen,

204 2075 408 2138 Ingenio
431 2074 615 2130 offensi,
641 2082 720 2118 aut
744 2073 854 2118 laeso
879 2069 1072 2117 doluere
1100 2068 1309 2125 Metello,

205 2141 512 2200 Famosisque
538 2139 671 2200 Lupo
696 2148 914 2198 cooperto
939 2135 1179 2182 versibus?
1239 2134 1385 2194 Atqui

204 2206 440 2254 Primores
463 2204 621 2266 populi
649 2204 840 2264 arripuit
867 2202 1180 2263 populumque
1205 2200 1433 2257 tributim,

206 2272 402 2319 Scilicet
427 2271 506 2316 uni
534 2285 694 2330 oequus
719 2269 874 2314 virtuti
900 2278 1036 2327 atque
1061 2266 1162 2326 ejus
1188 2266 1366 2309 amieis.
1721 2262 1786 2310 70

202 2337 356 2394 Quin,
380 2337 457 2382 ubi
483 2352 532 2381 se
558 2352 583 2380 a
609 2334 745 2395 vulgo
770 2344 816 2379 et
840 2333 984 2377 scena
1010 2332 1056 2376 in
1083 2340 1263 2375 secreta
1289 2327 1524 2376 remorant

206 2403 369 2450 Virtus
395 2402 628 2463 Scipiadae
653 2411 700 2445 et
726 2399 849 2444 mitis
875 2397 1103 2458 sapientia
1131 2395 1262 2450 Laeli,

205 2467 391 2530 Nugari
417 2483 525 2513 cum
553 2467 646 2523 illo,
672 2476 718 2511 et
743 2464 960 2510 discincti
989 2463 1166 2518 ludere,
1193 2461 1346 2505 donec

205 2533 559 2595 Decoqueretur
583 2532 702 2588 olus,
728 2530 863 2576 soliti.
921 2527 1169 2588 Quidquid
1196 2542 1297 2570 sum
1320 2540 1425 2586 ego,
1444 2522 1656 2586 quamvis

205 2598 338 2646 Infra
364 2598 516 2645 Lucili
545 2613 739 2644 censum
763 2595 1114 2657 ingeniumque,
1135 2603 1290 2638 tamen
1319 2606 1392 2637 mc
1721 2587 1787 2635 '75

206 2665 332 2712 Cum
358 2665 545 2726 magnis
571 2664 738 2709 vixisse
765 2662 908 2707 invita
936 2660 1152 2705 fatebitur
1179 2672 1324 2718 usque

206 2727 408 2787 Invidia,
434 2740 496 2787 et,
525 2729 674 2790 fragili
699 2743 914 2789 quaerens
941 2726 1119 2771 illidere
1145 2724 1354 2778 dentem,

205 2793 430 2841 Offendet
456 2795 602 2841 solido
624 2811 633 2840 :
670 2794 761 2840 nisi
785 2792 897 2854 quid
922 2803 988 2850 tu,
1014 2791 1151 2836 docte
1175 2784 1391 2845 Trebati,

208 2858 458 2908 Dissentis.

829 2927 1097 2956 TREBATIUS.

428 3043 434 3051 s
601 3001 831 3062 Equidem
858 3000 972 3047 nihil
1001 2998 1078 3045 liic
1103 2996 1349 3043 diffindere
1373 3007 1576 3058 possum.

210 3068 311 3119 &d
331 3077 509 3129 tamen,
532 3076 586 3115 ut
607 3067 814 3115 monitus
837 3081 1021 3123 caveaS,
1045 3079 1106 3112 ne
1131 3064 1250 3111 sorte
1274 3060 1436 3126 negoti
1717 3054 1789 3108 80
