1841 3349
566 194 911 236 SATIRARUM
941 194 1051 234 LIB.
1082 195 1141 234 ll.
1171 196 1210 234 2.
1621 200 1715 248 ηπ

129 316 342 365 Incutiat
363 316 448 364 tibi
471 315 583 376 quid
608 323 879 360 sanctarum
906 314 1094 359 inscitia
1116 307 1294 374 legum,

130 384 184 431 Si
210 384 331 429 mala
354 381 622 429 condiderit
645 382 694 426 in
718 395 858 441 quem
882 380 986 440 quis
1010 379 1239 437 carmina,
1259 379 1337 440 jus
1361 386 1433 424 est

129 448 159 496 J
165 450 481 509 udiciumque.

763 567 1004 594 HORATIUS.

576 696 591 701 Γ
658 639 789 698 Esto,
816 640 854 685 si
879 641 982 700 quis
1007 639 1156 694 mala;
1195 638 1278 685 sed
1303 636 1426 684 bona
1449 635 1489 683 si
1511 634 1617 697 quis

127 708 300 756 Judice
324 708 592 754 condiderit
615 708 832 752 laudatus
858 706 1065 761 Caesare,
1086 705 1124 750 si
1149 706 1253 766 quis

126 773 405 837 Opprobriis
429 775 626 836 dignum
651 773 900 829 latraverit,
927 772 1109 833 integer
1134 771 1272 832 ipse'l
1649 764 1717 813 85

751 894 1019 920 TREBATIUS.

128 969 378 1018 Solventur
402 968 500 1015 risu
523 968 694 1015 tabulae
714 984 725 1025 3
763 976 815 1013 tu
839 967 1010 1013 missus
1034 966 1197 1012 abibis.

708 1264 970 1311 SATIRA
1009 1263 1074 1310 ΙΙ.

127 1366 261 1417 QUAE
285 1366 431 1412 virtus
454 1373 502 1411 et
520 1372 711 1426 quanta,
740 1365 867 1421 boni,
894 1364 952 1410 sit
979 1364 1131 1410 vivere
1156 1381 1314 1426 parvo,

126 1432 235 1479 Nec
259 1448 393 1478 meus
415 1431 490 1477 hic
516 1447 669 1477 sermo
693 1441 779 1488 est,
806 1431 887 1475 sed
913 1447 1017 1491 quae
1043 1433 1265 1493 praecepit
1289 1431 1475 1479 Ofellus

125 1498 374 1557 Rusticus,
400 1497 636 1544 abnormis
662 1497 848 1558 sapiens
873 1499 1124 1558 crassaque
1151 1497 1386 1558 Minerva,

125 1563 324 1622 Discite,
350 1581 441 1611 non
470 1564 588 1610 inter
614 1564 774 1609 lances
800 1579 1077 1625 mensasque
1103 1565 1324 1622 nitentes,
1602 1622 1608 1628 ·

123 1630 291 1680 Quum
317 1641 471 1691 stupet
496 1631 674 1675 insanis
700 1630 826 1675 acies
853 1630 1127 1692 fulgoribus,
1153 1641 1200 1676 et
1223 1645 1368 1692 quum
1683 1630 1718 1677 5

125 1696 344 1742 Accvlinis
370 1697 496 1742 falsis
520 1697 707 1742 animus
733 1696 927 1741 meliora
952 1706 1166 1752 recusat3

125 1761 308 1808 Verum
333 1761 412 1808 hic
438 1763 660 1824 impransi
687 1777 874 1807 mecum
900 1762 1329 1823 disquirite—Cur
1353 1762 1448 1809 hoc
1461 1762 1550 1810 '3—

124 1826 314 1886 Dicam,
335 1828 374 1873 si
393 1836 568 1889 potero.
626 1827 756 1872 Male
785 1842 944 1872 verum
971 1829 1210 1874 examinat
1233 1829 1387 1876 omnis

126 1893 388 1955 Corruptus
409 1894 567 1954 judex.
628 1893 860 1954 Leporem
887 1903 1111 1951 sectatus,
1139 1911 1319 1955 equove

125 1959 302 2012 Lassus
327 1960 385 2005 ab
406 1959 651 2016 indomite,
679 1959 811 2015 vel‚si
839 1959 1062 2005 Romana
1088 1960 1252 2021 fatigat
1657 1959 1718 2008 10

125 2024 302 2071 Militia
325 2035 564 2071 assuetum
589 2025 802 2086 graecari,
828 2040 911 2070 seu
936 2026 1031 2086 pila
1056 2027 1208 2085 velox,

127 2091 342 2138 Molliter
366 2100 605 2136 austerum
631 2091 785 2136 studio
811 2090 1001 2137 fallente
1027 2092 1251 2151 laborem,

127 2158 226 2203 Seu
250 2158 478 2204 te-discus
503 2159 625 2218 agit;
662 2167 769 2218 pete
796 2158 1044 2203 cedentem
1072 2163 1184 2205 aera
1208 2160 1367 2206 disco:

124 2223 291 2273 Quum
317 2224 446 2270 labor
470 2223 702 2269 extuderit
727 2223 928 2281 fastidia,
955 2224 1126 2284 siccus,
1153 2225 1324 2283 inanis,

68 2304 72 2309 ’
127 2289 311 2350 Sperne
338 2290 494 2334 cibum
523 2290 689 2345 vilem;
728 2290 818 2334 nisi
846 2289 1091 2350 Hymettia
1116 2292 1257 2338 mella
1282 2291 1487 2338 Falerno
1655 2290 1717 2337 15

127 2353 206 2400 Ne
234 2355 405 2400 biberis
430 2355 588 2401 diluta.
619 2353 754 2402 Foris
779 2364 849 2401 est
873 2372 1080 2416 promus,
1106 2368 1153 2403 et
1178 2368 1330 2404 atrum

126 2418 404 2466 Defendens
428 2421 582 2481 pisces
608 2421 783 2466 hiemat
810 2438 935 2467 mare
957 2439 966 2478 3
1005 2439 1113 2468 cum
1142 2424 1237 2469 sale
1261 2424 1397 2486 panis

127 2485 401 2532 Latrantem
427 2488 720 2531 stomachum
744 2488 862 2532 bene
888 2488 1046 2534 leniet.
1099 2489 1238 2551 Undxe
1265 2500 1415 2551 putas,
1437 2496 1518 2535 aut

127 2551 232 2601 Qu?
258 2552 475 2612 partum?
534 2551 646 2596 Non
672 2552 719 2596 in
746 2568 856 2597 caro
881 2554 1045 2600 nidore
1072 2555 1282 2614 voluptas

129 2617 342 2667 Summa,
369 2617 450 2661 sed
477 2616 524 2660 in
550 2626 594 2660 te
622 2616 720 2676 ipso
746 2627 829 2662 est.
889 2618 968 2662 Tu
994 2620 1307 2679 pulmentaria
1331 2635 1486 2680 quaere
1649 2617 1716 2666 20

129 2682 386 2727 Sudando:
423 2682 647 2741 pinguem
677 2682 798 2726 vitiis
823 2683 1074 2743 albumque
1100 2700 1191 2728 nec
1217 2695 1386 2743 ostrea,

127 2746 235 2793 Nec
259 2762 435 2803 scarus,
462 2755 541 2791 aut
564 2747 732 2806 poterit
756 2748 1002 2808 peregrina
1024 2749 1184 2808 juvare
1209 2750 1372 2811 lagoi'S.

127 2812 223 2858 Vix
247 2823 404 2857 tamen
429 2812 641 2873 eripiam,
667 2814 817 2872 posito
842 2829 1040 2874 pavone,
1068 2815 1181 2860 velis
1205 2816 1318 2876 quin

129 2877 238 2924 Hoc
262 2875 433 2938 potiuS,
459 2876 600 2937 quam
625 2878 815 2938 gallina,
843 2889 1025 2940 tergere
1051 2880 1273 2940 palatum,

129 2942 393 3003 Corruptus
422 2944 551 2988 vanis
577 2959 759 2997 rerum3
798 2945 906 3005 quia
932 2956 1098 2990 veneat
1122 2963 1236 2992 auro
1649 2947 1718 2995 25

129 3007 262 3054 Rara
285 3008 396 3063 avis,
423 3018 468 3053 et
493 3009 618 3069 picta
643 3010 817 3070 pandat
841 3011 1109 3071 spectacula
1134 3011 1301 3059 cauda.

131 3072 385 3133 Tanquam
412 3074 467 3118 ad
496 3090 593 3118 rem
621 3076 816 3121 attineat
839 3077 1107 3137 quidquam.
1180 3078 1312 3123 Num
1336 3076 1539 3123 vesceris
1563 3075 1652 3123 isui

128 3136 293 3188 Quam
317 3139 482 3185 laudas
505 3139 698 3201 pluma?
734 3151 928 3189 coctove
951 3159 1068 3189 num
1092 3144 1226 3191 adest
1250 3145 1399 3190 honor
1422 3142 1584 3189 idem?
