1841 3349
583 179 834 222 CARMEN
866 174 1200 218 SAECULARE.

337 303 545 351 Condito
567 301 693 348 mitis
714 298 1024 362 placidusque
1047 295 1141 342 telo
1191 327 1197 333 .

338 368 588 432 Supplices
611 366 722 413 audi
744 379 930 427 puerOS‚
957 361 1155 423 Apollo:

340 436 561 482 Siderum
585 432 749 494 regina
772 429 995 485 bicorniS,
1021 426 1148 484 audi,

734 496 888 552 Luna,
913 493 1105 555 puellas.

340 567 499 613 Roma
522 565 560 610 si
586 572 791 609 vestrum
815 570 886 606 est
909 573 1042 619 opus,
1068 556 1260 616 Iliaeque

340 632 494 678 Littus
518 629 773 674 Etruscum
797 622 994 670 tenuere
1017 632 1200 678 turmae,

341 697 482 744 Jussa
505 710 612 756 pars
636 701 817 738 mutare
843 689 988 735 Lares
1012 696 1059 732 et
1081 687 1247 732 urbem

738 755 923 816 Sospite
948 768 1106 809 cursu,

343 827 436 874 Cui
460 842 543 888 per
567 824 812 870 ardentem
838 821 940 865 sine
966 818 1127 864 fraude
1153 814 1349 876 Trojam

344 893 516 940 Castus
542 890 738 945 AEneas,
764 887 924 948 patriae
950 892 1201 944 superstes,

343 959 569 1005 Liberum
593 953 793 1000 munivit
817 953 919 1008 iter,
945 950 1139 995 daturus

739 1017 880 1063 Plura
904 1014 1108 1060 relictis:

346 1087 427 1146 Di,
450 1086 620 1149 probos
645 1099 797 1130 mores
822 1081 963 1127 docili
984 1080 1206 1141 juventae,

348 1152 430 1212 Di,
462 1150 695 1198 senectuti
719 1148 917 1210 placidae
942 1145 1164 1206 quietem,

347 1219 569 1266 Romulae
595 1216 726 1278 genti
751 1215 858 1260 date
883 1227 1075 1272 remque
1099 1208 1372 1270 prolemque

743 1280 806 1325 Et
830 1280 976 1324 decus
1000 1291 1154 1323 omne.

347 1350 568 1410 Quaeque
588 1364 668 1394 vos
692 1346 842 1391 bobus
867 1351 1113 1389 veneratur
1138 1339 1255 1385 albis

351 1415 520 1462 Clarus
544 1413 771 1459 Anchisae
795 1409 1090 1468 Venerisque
1117 1404 1324 1466 sanguis,

351 1480 593 1542 Impetret,
619 1477 822 1524 bellante
846 1475 986 1536 prior,
1008 1474 1246 1534 jacentem

746 1541 891 1587 Lenis
916 1541 964 1585 in
990 1540 1185 1584 hostem.

352 1610 383 1657 J
387 1626 461 1657 am
487 1609 603 1656 mari
628 1607 843 1667 terraque
868 1620 1036 1650 manus
1059 1609 1275 1664 potentes

354 1676 526 1722 Medus
552 1675 856 1733 Albanasque
881 1672 1014 1716 timet
1039 1682 1255 1715 secures:

355 1741 384 1788 J
389 1758 464 1788 am
490 1742 678 1802 Scythae
702 1753 927 1798 responsa
950 1744 1131 1797 petunt,
1158 1730 1345 1793 superbi

748 1802 930 1863 Nuper,
951 1812 998 1846 et
1022 1800 1146 1845 Indi.

355 1872 386 1919 J
390 1889 465 1920 am
489 1872 649 1929 Fides,
675 1879 722 1915 et
745 1868 859 1927 Pax,
886 1878 932 1914 et
956 1866 1139 1922 Honor,
1164 1862 1414 1922 Pudorque

362 1940 570 1996 Priscus,
595 1946 643 1982 et
666 1935 884 1996 neglecta
907 1932 1059 1979 redire
1085 1930 1248 1976 Virtus

361 2005 548 2061 Audet3
587 2009 872 2064 apparetque
897 1999 1033 2044 beata
1057 1996 1196 2058 pleno

758 2065 910 2126 Copia
935 2058 1096 2110 cornu}

309 2134 312 2137 Δ
362 2139 530 2198 Augur
555 2143 601 2179 et
626 2132 832 2193 fulgente
858 2131 1059 2175 decorus
1085 2141 1197 2172 arcu

362 2202 587 2257 Phoebus,
613 2206 926 2257 acceptusque
946 2208 1118 2249 *novem
1144 2187 1402 2244 CamoeniS,

360 2268 465 2318 Qui
489 2263 680 2311 salutari
705 2263 829 2308 levat
854 2269 950 2305 arte
977 2258 1122 2303 fessos

759 2325 980 2386 Corporis
1005 2332 1147 2379 artus,

367 2399 419 2450 Si
443 2395 680 2443 Palatinas
703 2392 829 2437 videt
853 2405 1014 2449 aequus
1039 2403 1167 2442 aras3

367 2465 587 2522 Remque
613 2459 881 2504 Romanam
906 2455 1186 2512 Latiumque
1212 2449 1322 2495 felix

370 2528 588 2575 Alterum
613 2525 662 2570 in
686 2523 883 2568 lustrum
909 2520 1167 2578 meliusque
1192 2529 1375 2575 semper

764 2587 986 2647 Proroget
1013 2598 1176 2629 aevum.

371 2660 591 2718 Quaeque
618 2653 907 2700 Aventinum
933 2658 1063 2696 tenet
1087 2646 1425 2707 Algidumque,

370 2722 664 2774 Quindecim
690 2719 845 2764 Diana
868 2731 1032 2778 preces
1056 2714 1258 2759 virorum

375 2790 539 2846 Curet,
563 2796 610 2833 et
634 2786 752 2831 votis
775 2796 1024 2845 puerorum
1051 2779 1228 2824 amicas

770 2847 994 2908 Applicet
1017 2858 1165 2890 aures.

379 2916 501 2964 Haec
525 2915 690 2961 Jovem
715 2914 888 2959 sentire
915 2912 1118 2969 deosque
1143 2912 1342 2951 cunctos

381 2983 523 3044 Spem
549 2981 719 3025 bonam
744 2988 1011 3035 certamque
1035 2975 1226 3018 domum
1250 2977 1450 3033 reporto,

380 3047 563 3096 Doctus
585 3053 633 3092 et
655 3042 819 3089 Phoebi
845 3042 1017 3086 chorus
1040 3046 1086 3082 et
1110 3036 1278 3083 Dianae

773 3105 946 3152 Dicere
970 3102 1147 3150 laudes.

1686 2702 1755 2751 70

1693 3025 1760 3076 '15
