1841 3349
593 196 926 241 CARMINUM
956 204 1064 246 LIB.
1093 207 1172 248 IV.

313 306 482 368 Multa,
506 312 598 372 qusi
623 315 780 362 crines
803 319 999 382 religata
1024 324 1189 386 fulges.

311 372 462 421 Ridet
485 390 680 438 argento
702 382 896 430 domus:
935 404 1029 445 ara,
1055 391 1197 438 castis

311 438 488 487 Vincta
512 445 744 504 verbenis,
771 460 876 496 avet
900 451 1141 503 immolato

707 513 929 576 Spargier
954 535 1090 580 agno.

307 567 497 618 Cuncta
523 573 712 623 festinat
738 594 921 640 manus,
949 585 1042 631 huc
1066 595 1114 633 et
1138 587 1252 636 illuc

305 634 552 685 Cursitant
575 642 733 688 mixtae
757 649 915 706 pueris
938 651 1130 710 puellm:

306 700 561 750 Sordidum
586 706 788 754 flammae
813 715 1049 774 trepidant
1073 727 1281 767 rotantes

704 774 896 822 Vertice
923 780 1119 829 fumum.

302 829 365 877 Ut
389 840 546 880 tamen
572 835 704 883 noris
728 841 898 900 quibus
921 845 976 890 ad
986 849 1164 895 voceris

297 896 526 956 Gaudiis;
565 900 679 948 Idus
704 905 786 951 tibi
811 919 921 954 sunt
945 914 1159 973 agendae,

296 961 399 1013 Qui
424 965 525 1011 dies
548 982 761 1015 mensem
788 972 989 1020 Veneris
1015 980 1206 1027 marinae

584 1082 586 1084 ,
693 1034 856 1083 Findit
880 1041 1097 1100 Aprilem
1115 1061 1133 1095 a
1190 1094 1192 1096 ,

294 1091 411 1139 Jure
435 1096 658 1143 solemnis
682 1101 813 1160 mihi,
840 1108 1157 1170 sanctiorque·

293 1157 426 1205 Pene
453 1163 594 1208 natali
619 1168 822 1227 proprio,
848 1170 973 1230 quod
999 1189 1057 1219 ex
1084 1175 1174 1223 litio

293 1222 426 1271 Luce
451 1225 694 1275 Maeoenas
720 1247 853 1279 meus
878 1237 1125 1287 affluentes

685 1297 890 1347 Ordinat
913 1318 1076 1352 annos.

715 1560 855 1607 ODE
890 1563 981 1612 XI.

663 1671 730 1702 AD
755 1675 1032 1711 VIRGILIUM.

280 1747 385 1795 JAM
409 1750 529 1796 veris
553 1754 764 1814 comites,
791 1775 896 1819 quae
922 1777 1050 1810 mare
1074 1772 1354 1830 temperant,

279 1812 540 1876 Impellunt
566 1820 735 1867 animae
761 1824 907 1871 lintea
933 1827 1185 1877 Thraciae:

277 1878 386 1926 Jam
411 1898 502 1928 nec
524 1894 657 1944 prata
681 1889 852 1949 rigent,
878 1908 970 1937 neo
995 1894 1122 1942 fluvii
1148 1906 1363 1962 strepunt

541 1949 759 1998 Hiberna
785 1956 891 2000 nive
916 1962 1104 2020 turgidi.

274 2008 325 2055 N
330 2010 459 2056 idum
484 2015 631 2073 ponit,
659 2016 766 2078 Ityn
793 2020 1009 2069 flebiliter
1032 2041 1247 2088 gemens,

272 2073 445 2122 Infelix
470 2080 582 2137 avis,
619 2092 665 2128 et
689 2083 932 2147 Ceoropiae
958 2090 1125 2137 domus

271 2140 523 2189 AEternum
547 2149 864 2210 opprobrium,
889 2152 1015 2213 quod
1041 2156 1165 2204 male
1192 2159 1411 2212 barbaras

533 2210 727 2274 Regum
752 2227 822 2262 est
843 2218 938 2265 ulta
961 2221 1197 2272 libidines.

267 2269 451 2319 Dicunt
469 2274 517 2321 in
542 2286 705 2326 tenero
729 2285 943 2342 gramine
968 2288 1218 2350 pinguium

268 2336 504 2386 Custodes
527 2344 685 2390 ovium
710 2350 921 2397 earmina
945 2352 1118 2413 fistula,

264 2400 609 2469 Delectantque
635 2412 774 2459 deum
801 2417 878 2462 eui
903 2434 1050 2478 pecus
1074 2431 1121 2467 et
1143 2423 1266 2486 nigri

530 2474 688 2523 Colles
712 2480 934 2528 Arcadiae
958 2486 1161 2545 placent.

263 2532 526 2582 Adduxere
551 2540 924 2606 sitim-tempora,
946 2550 1116 2613 virgili
1138 2569 1170 2603 :x

263 2598 362 2643 Sed
386 2608 601 2660 pressum
627 2607 821 2655 Calibus
847 2614 1021 2661 ducere
1042 2617 1267 2665 Liberum

263 2663 316 2709 Si
339 2666 501 2725 gestiS‚
522 2668 751 2728 juvenum
778 2677 1008 2724 nobilium
1032 2682 1199 2741 eliensi,

530 2733 578 2778 N
584 2736 697 2782 ardo
721 2739 830 2784 vina
853 2745 1109 2792 merebere.

261 2791 414 2840 Nardi
438 2813 607 2857 parvus
631 2818 755 2862 onyx
778 2804 936 2853 eliciet
960 2811 1134 2857 cadum

255 2858 358 2908 Qui
384 2877 512 2908 nune
539 2866 752 2927 Sulpitiis
777 2873 977 2920 accubat
1002 2876 1198 2938 horreis,

257 2924 378 2986 Spes
401 2928 575 2976 donare
600 2947 742 2979 novas
764 2935 938 2998 largus,
965 2956 1216 3005 amaraque

491 2995 750 3049 „Curarum
775 3002 932 3049 eluere
957 3005 1137 3054 efficax.

255 3056 333 3102 Ad
359 3072 463 3118 quae
487 3060 526 3105 si
549 3077 768 3124 properas
791 3070 980 3130 gaudia,
1006 3086 1116 3119 oum
1140 3074 1224 3121 tusi

252 3118 406 3171 Velox
427 3139 586 3173 meree
609 3131 717 3178 veni
737 3148 747 3178 :
783 3149 879 3181 non
902 3151 992 3198 ego
1015 3146 1061 3185 te
1094 3140 1214 3187 meis

1641 224 1709 270 71⁴

1635 663 1697 713 10

1626 988 1692 1041 16

1599 2366 1659 2414 10

1590 2692 1652 2741 15
