<?xml version="1.0" encoding="UTF-8"?>
<!DOCTYPE html PUBLIC "-//W3C//DTD XHTML 1.0 Transitional//EN"
    "http://www.w3.org/TR/xhtml1/DTD/xhtml1-transitional.dtd">
<html xmlns="http://www.w3.org/1999/xhtml" xml:lang="en" lang="en">
 <head>
  <title>
</title>
<meta http-equiv="Content-Type" content="text/html;charset=utf-8" />
  <meta name='ocr-system' content='tesseract 3.04.00' />
  <meta name='ocr-capabilities' content='ocr_page ocr_carea ocr_par ocr_line ocrx_word'/>
</head>
<body>
  <div class='ocr_page' id='page_1' title='image "./quintihoratiifla00hora_0087.png"; bbox 0 0 1841 3349; ppageno 0'>
   <div class='ocr_carea' id='block_1_1' title="bbox 602 188 1051 235">
    <p class='ocr_par' dir='ltr' id='par_1_1' title="bbox 602 188 1051 235">
     <span class='ocr_line' id='line_1_1' title="bbox 602 188 1051 235; baseline -0.013 0"><span class='ocrx_word' id='word_1_1' title='bbox 602 192 833 235; x_wconf 84' lang='lat' dir='ltr'>EPODON</span> <span class='ocrx_word' id='word_1_2' title='bbox 865 188 1051 231; x_wconf 88' lang='lat' dir='ltr'><strong>LIBER.</strong></span> 
     </span>
    </p>
   </div>
   <div class='ocr_carea' id='block_1_2' title="bbox 267 291 1159 436">
    <p class='ocr_par' dir='ltr' id='par_1_2' title="bbox 267 291 1159 436">
     <span class='ocr_line' id='line_1_2' title="bbox 267 291 1159 371; baseline -0.017 -2"><span class='ocrx_word' id='word_1_3' title='bbox 267 319 406 371; x_wconf 74' lang='lat' dir='ltr'>Quid</span> <span class='ocrx_word' id='word_1_4' title='bbox 429 316 595 364; x_wconf 77' lang='lat' dir='ltr'>attinet</span> <span class='ocrx_word' id='word_1_5' title='bbox 617 291 687 359; x_wconf 56' lang='lat' dir='ltr'>tot</span> <span class='ocrx_word' id='word_1_6' title='bbox 708 328 790 358; x_wconf 83' lang='lat' dir='ltr'>ora</span> <span class='ocrx_word' id='word_1_7' title='bbox 813 310 1004 356; x_wconf 80' lang='lat' dir='ltr'>navium</span> <span class='ocrx_word' id='word_1_8' title='bbox 1028 307 1159 369; x_wconf 81' lang='lat' dir='ltr'>gravi</span> 
     </span>
     <span class='ocr_line' id='line_1_3' title="bbox 533 375 1127 436; baseline -0.013 -10"><span class='ocrx_word' id='word_1_9' title='bbox 533 381 759 426; x_wconf 81' lang='lat' dir='ltr'>Rostrata</span> <span class='ocrx_word' id='word_1_10' title='bbox 782 377 894 422; x_wconf 91' lang='lat' dir='ltr'>duci</span> <span class='ocrx_word' id='word_1_11' title='bbox 919 375 1127 436; x_wconf 89' lang='lat' dir='ltr'>pondere</span> 
     </span>
    </p>
   </div>
   <div class='ocr_carea' id='block_1_3' title="bbox 271 440 1321 569">
    <p class='ocr_par' dir='ltr' id='par_1_3' title="bbox 271 440 1321 569">
     <span class='ocr_line' id='line_1_4' title="bbox 271 440 1321 503; baseline -0.018 -5"><span class='ocrx_word' id='word_1_12' title='bbox 271 449 450 498; x_wconf 85' lang='lat' dir='ltr'>Contra</span> <span class='ocrx_word' id='word_1_13' title='bbox 471 448 678 494; x_wconf 85' lang='lat' dir='ltr'>latrones</span> <span class='ocrx_word' id='word_1_14' title='bbox 702 452 841 503; x_wconf 63' lang='lat' dir='ltr'>atque</span> <span class='ocrx_word' id='word_1_15' title='bbox 867 440 1080 486; x_wconf 81' lang='lat' dir='ltr'>servilem</span> <span class='ocrx_word' id='word_1_16' title='bbox 1108 449 1321 494; x_wconf 86' lang='lat' dir='ltr'>manum,</span> 
     </span>
     <span class='ocr_line' id='line_1_5' title="bbox 534 501 1251 569; baseline -0.015 -11"><span class='ocrx_word' id='word_1_17' title='bbox 534 511 660 569; x_wconf 90' lang='lat' dir='ltr'>Hoc,</span> <span class='ocrx_word' id='word_1_18' title='bbox 686 510 776 555; x_wconf 93' lang='lat' dir='ltr'>hoc</span> <span class='ocrx_word' id='word_1_19' title='bbox 801 507 989 554; x_wconf 87' lang='lat' dir='ltr'>tribuno</span> <span class='ocrx_word' id='word_1_20' title='bbox 1013 501 1251 551; x_wconf 67' lang='lat' dir='ltr'>militum?</span> 
     </span>
    </p>
   </div>
   <div class='ocr_carea' id='block_1_4' title="bbox 720 768 954 816">
    <p class='ocr_par' dir='ltr' id='par_1_4' title="bbox 720 768 954 816">
     <span class='ocr_line' id='line_1_6' title="bbox 720 768 954 816; baseline -0.013 0"><span class='ocrx_word' id='word_1_21' title='bbox 720 768 861 816; x_wconf 89' lang='lat' dir='ltr'>ODE</span> <span class='ocrx_word' id='word_1_22' title='bbox 894 768 954 813; x_wconf 92' lang='lat' dir='ltr'>V.</span> 
     </span>
    </p>
   </div>
   <div class='ocr_carea' id='block_1_5' title="bbox 508 879 1172 918">
    <p class='ocr_par' dir='ltr' id='par_1_5' title="bbox 508 879 1172 918">
     <span class='ocr_line' id='line_1_7' title="bbox 508 879 1172 918; baseline -0.014 0"><span class='ocrx_word' id='word_1_23' title='bbox 508 887 564 918; x_wconf 93' lang='lat' dir='ltr'>IN</span> <span class='ocrx_word' id='word_1_24' title='bbox 590 883 795 916; x_wconf 81' lang='lat' dir='ltr'><strong>CANIDIA</strong></span> <span class='ocrx_word' id='word_1_25' title='bbox 803 883 840 912; x_wconf 92' lang='lat' dir='ltr'><strong>M</strong></span> <span class='ocrx_word' id='word_1_26' title='bbox 863 879 1172 911; x_wconf 83' lang='lat' dir='ltr'><strong>VENEFIOAM.</strong></span> 
     </span>
    </p>
   </div>
   <div class='ocr_carea' id='block_1_6' title="bbox 277 959 1384 3195">
    <p class='ocr_par' dir='ltr' id='par_1_6' title="bbox 277 959 1384 3195">
     <span class='ocr_line' id='line_1_8' title="bbox 278 959 1312 1033; baseline -0.016 -11"><span class='ocrx_word' id='word_1_27' title='bbox 278 980 306 1000; x_wconf 88' lang='lat'><strong>“</strong></span> <span class='ocrx_word' id='word_1_28' title='bbox 325 975 422 1033; x_wconf 79' lang='lat' dir='ltr'>A&#39;r,</span> <span class='ocrx_word' id='word_1_29' title='bbox 446 989 475 1019; x_wconf 95' lang='lat' dir='ltr'>o</span> <span class='ocrx_word' id='word_1_30' title='bbox 499 972 694 1017; x_wconf 85' lang='lat' dir='ltr'>deorum</span> <span class='ocrx_word' id='word_1_31' title='bbox 720 965 947 1027; x_wconf 87' lang='lat' dir='ltr'>quidquid</span> <span class='ocrx_word' id='word_1_32' title='bbox 973 964 1022 1009; x_wconf 90' lang='lat' dir='ltr'>in</span> <span class='ocrx_word' id='word_1_33' title='bbox 1047 962 1169 1008; x_wconf 87' lang='lat' dir='ltr'>coelo</span> <span class='ocrx_word' id='word_1_34' title='bbox 1190 959 1312 1021; x_wconf 85' lang='lat' dir='ltr'>regit</span> 
     </span>
     <span class='ocr_line' id='line_1_9' title="bbox 543 1026 1281 1089; baseline -0.014 -8"><span class='ocrx_word' id='word_1_35' title='bbox 543 1036 720 1081; x_wconf 67' lang='lat' dir='ltr'>Terras</span> <span class='ocrx_word' id='word_1_36' title='bbox 745 1045 791 1077; x_wconf 87' lang='lat' dir='ltr'>et</span> <span class='ocrx_word' id='word_1_37' title='bbox 817 1033 1079 1076; x_wconf 82' lang='lat' dir='ltr'>humanum</span> <span class='ocrx_word' id='word_1_38' title='bbox 1103 1026 1281 1089; x_wconf 59' lang='lat' dir='ltr'>¹genus!</span> 
     </span>
     <span class='ocr_line' id='line_1_10' title="bbox 277 1090 1384 1157; baseline -0.017 -2"><span class='ocrx_word' id='word_1_39' title='bbox 277 1106 414 1157; x_wconf 79' lang='lat' dir='ltr'>Quid</span> <span class='ocrx_word' id='word_1_40' title='bbox 439 1105 525 1150; x_wconf 90' lang='lat' dir='ltr'>iste</span> <span class='ocrx_word' id='word_1_41' title='bbox 551 1102 639 1147; x_wconf 82' lang='lat' dir='ltr'>fert</span> <span class='ocrx_word' id='word_1_42' title='bbox 663 1098 890 1145; x_wconf 84' lang='lat' dir='ltr'>tumultus</span> <span class='ocrx_word' id='word_1_43' title='bbox 910 1097 927 1141; x_wconf 69' lang='grc' dir='ltr'>Τ</span> <span class='ocrx_word' id='word_1_44' title='bbox 964 1104 1010 1140; x_wconf 87' lang='lat' dir='ltr'>et</span> <span class='ocrx_word' id='word_1_45' title='bbox 1033 1095 1146 1154; x_wconf 91' lang='lat' dir='ltr'>quid</span> <span class='ocrx_word' id='word_1_46' title='bbox 1170 1090 1384 1139; x_wconf 84' lang='lat' dir='ltr'>omnium</span> 
     </span>
     <span class='ocr_line' id='line_1_11' title="bbox 549 1158 1284 1212; baseline -0.011 0"><span class='ocrx_word' id='word_1_47' title='bbox 549 1166 718 1212; x_wconf 87' lang='lat' dir='ltr'>Vultus</span> <span class='ocrx_word' id='word_1_48' title='bbox 744 1165 792 1209; x_wconf 89' lang='lat' dir='ltr'>in</span> <span class='ocrx_word' id='word_1_49' title='bbox 819 1177 966 1207; x_wconf 88' lang='lat' dir='ltr'>unum</span> <span class='ocrx_word' id='word_1_50' title='bbox 991 1176 1066 1205; x_wconf 89' lang='lat' dir='ltr'>me</span> <span class='ocrx_word' id='word_1_51' title='bbox 1091 1158 1284 1205; x_wconf 66' lang='lat' dir='ltr'>truces?</span> 
     </span>
     <span class='ocr_line' id='line_1_12' title="bbox 280 1226 1157 1289; baseline -0.017 -4"><span class='ocrx_word' id='word_1_52' title='bbox 280 1238 370 1285; x_wconf 91' lang='lat' dir='ltr'>Per</span> <span class='ocrx_word' id='word_1_53' title='bbox 394 1235 566 1282; x_wconf 90' lang='lat' dir='ltr'>liberos</span> <span class='ocrx_word' id='word_1_54' title='bbox 590 1241 652 1289; x_wconf 87' lang='lat' dir='ltr'>te,</span> <span class='ocrx_word' id='word_1_55' title='bbox 679 1231 718 1276; x_wconf 85' lang='lat' dir='ltr'>si</span> <span class='ocrx_word' id='word_1_56' title='bbox 744 1238 907 1275; x_wconf 79' lang='lat' dir='ltr'>vocata</span> <span class='ocrx_word' id='word_1_57' title='bbox 930 1226 1157 1288; x_wconf 77' lang='lat' dir='ltr'>partubus</span> 
     </span>
     <span class='ocr_line' id='line_1_13' title="bbox 548 1293 1069 1349; baseline -0.013 -6"><span class='ocrx_word' id='word_1_58' title='bbox 548 1297 736 1343; x_wconf 83' lang='lat' dir='ltr'>Lucina</span> <span class='ocrx_word' id='word_1_59' title='bbox 759 1295 880 1340; x_wconf 88' lang='lat' dir='ltr'>veris</span> <span class='ocrx_word' id='word_1_60' title='bbox 905 1293 1069 1349; x_wconf 78' lang='lat' dir='ltr'>adfuit,</span> 
     </span>
     <span class='ocr_line' id='line_1_14' title="bbox 282 1359 1297 1423; baseline -0.018 -6"><span class='ocrx_word' id='word_1_61' title='bbox 282 1370 373 1417; x_wconf 91' lang='lat' dir='ltr'>Per</span> <span class='ocrx_word' id='word_1_62' title='bbox 397 1369 488 1414; x_wconf 90' lang='lat' dir='ltr'>hoc</span> <span class='ocrx_word' id='word_1_63' title='bbox 513 1365 654 1411; x_wconf 79' lang='lat' dir='ltr'>inane</span> <span class='ocrx_word' id='word_1_64' title='bbox 679 1375 898 1423; x_wconf 85' lang='lat' dir='ltr'>purpurae</span> <span class='ocrx_word' id='word_1_65' title='bbox 924 1359 1089 1414; x_wconf 89' lang='lat' dir='ltr'>decus,</span> <span class='ocrx_word' id='word_1_66' title='bbox 1114 1369 1297 1417; x_wconf 83' lang='lat' dir='ltr'><strong>precor,</strong></span> 
     </span>
     <span class='ocr_line' id='line_1_15' title="bbox 547 1420 1374 1489; baseline -0.012 -14"><span class='ocrx_word' id='word_1_67' title='bbox 547 1430 638 1475; x_wconf 88' lang='lat' dir='ltr'>Per</span> <span class='ocrx_word' id='word_1_68' title='bbox 664 1427 1035 1489; x_wconf 74' lang='lat' dir='ltr'>improbaturum</span> <span class='ocrx_word' id='word_1_69' title='bbox 1061 1423 1165 1468; x_wconf 82' lang='lat' dir='ltr'>haec</span> <span class='ocrx_word' id='word_1_70' title='bbox 1189 1420 1374 1477; x_wconf 90' lang='lat' dir='ltr'>Jovem,</span> 
     </span>
     <span class='ocr_line' id='line_1_16' title="bbox 283 1483 1260 1553; baseline -0.016 -5"><span class='ocrx_word' id='word_1_71' title='bbox 283 1500 420 1553; x_wconf 79' lang='lat' dir='ltr'>Quid</span> <span class='ocrx_word' id='word_1_72' title='bbox 443 1506 496 1544; x_wconf 90' lang='lat' dir='ltr'>ut</span> <span class='ocrx_word' id='word_1_73' title='bbox 519 1510 723 1543; x_wconf 84' lang='lat' dir='ltr'>noverca</span> <span class='ocrx_word' id='word_1_74' title='bbox 746 1508 821 1538; x_wconf 88' lang='lat' dir='ltr'>me</span> <span class='ocrx_word' id='word_1_75' title='bbox 847 1490 1060 1547; x_wconf 86' lang='lat' dir='ltr'>intueris,</span> <span class='ocrx_word' id='word_1_76' title='bbox 1087 1495 1168 1534; x_wconf 83' lang='lat' dir='ltr'>aut</span> <span class='ocrx_word' id='word_1_77' title='bbox 1191 1483 1260 1533; x_wconf 76' lang='lat' dir='ltr'>uti</span> 
     </span>
     <span class='ocr_line' id='line_1_17' title="bbox 550 1555 1094 1607; baseline -0.015 0"><span class='ocrx_word' id='word_1_78' title='bbox 550 1561 705 1607; x_wconf 78' lang='lat' dir='ltr'>Petita</span> <span class='ocrx_word' id='word_1_79' title='bbox 729 1560 850 1604; x_wconf 90' lang='lat' dir='ltr'>ferro</span> <span class='ocrx_word' id='word_1_80' title='bbox 876 1557 1032 1602; x_wconf 81' lang='lat' dir='ltr'>bellua</span> <span class='ocrx_word' id='word_1_81' title='bbox 1045 1555 1094 1600; x_wconf 67' lang='lat' dir='ltr'>&#39;l&#39;&#39;</span> 
     </span>
     <span class='ocr_line' id='line_1_18' title="bbox 287 1617 1300 1684; baseline -0.017 -4"><span class='ocrx_word' id='word_1_82' title='bbox 287 1633 352 1681; x_wconf 86' lang='lat' dir='ltr'>Ut</span> <span class='ocrx_word' id='word_1_83' title='bbox 374 1633 479 1678; x_wconf 86' lang='lat' dir='ltr'>haec</span> <span class='ocrx_word' id='word_1_84' title='bbox 501 1626 723 1674; x_wconf 86' lang='lat' dir='ltr'>trementi</span> <span class='ocrx_word' id='word_1_85' title='bbox 747 1632 942 1684; x_wconf 82' lang='lat' dir='ltr'>questus</span> <span class='ocrx_word' id='word_1_86' title='bbox 965 1637 1063 1678; x_wconf 89' lang='lat' dir='ltr'>ore,</span> <span class='ocrx_word' id='word_1_87' title='bbox 1089 1617 1300 1665; x_wconf 83' lang='lat' dir='ltr'>constitit</span> 
     </span>
     <span class='ocr_line' id='line_1_19' title="bbox 554 1688 1153 1753; baseline -0.013 -15"><span class='ocrx_word' id='word_1_88' title='bbox 554 1692 828 1753; x_wconf 81' lang='lat' dir='ltr'>Insignibus</span> <span class='ocrx_word' id='word_1_89' title='bbox 852 1688 996 1749; x_wconf 86' lang='lat' dir='ltr'>raptis</span> <span class='ocrx_word' id='word_1_90' title='bbox 1019 1700 1153 1747; x_wconf 88' lang='lat' dir='ltr'>puer,</span> 
     </span>
     <span class='ocr_line' id='line_1_20' title="bbox 286 1749 1211 1826; baseline -0.018 -15"><span class='ocrx_word' id='word_1_91' title='bbox 286 1762 489 1826; x_wconf 90' lang='lat' dir='ltr'>Impube</span> <span class='ocrx_word' id='word_1_92' title='bbox 513 1774 699 1819; x_wconf 85' lang='lat' dir='ltr'>corpus,</span> <span class='ocrx_word' id='word_1_93' title='bbox 725 1755 861 1817; x_wconf 75' lang='lat' dir='ltr'>quale</span> <span class='ocrx_word' id='word_1_94' title='bbox 886 1761 1043 1815; x_wconf 85' lang='lat' dir='ltr'>posset</span> <span class='ocrx_word' id='word_1_95' title='bbox 1067 1749 1211 1811; x_wconf 78' lang='lat' dir='ltr'>impia</span> 
     </span>
     <span class='ocr_line' id='line_1_21' title="bbox 326 1821 1259 1887; baseline -0.015 -13"><span class='ocrx_word' id='word_1_96' title='bbox 326 1884 329 1887; x_wconf 14' lang='grc' dir='ltr'><em>Α</em></span> <span class='ocrx_word' id='word_1_97' title='bbox 553 1824 742 1870; x_wconf 89' lang='lat' dir='ltr'>Mollire</span> <span class='ocrx_word' id='word_1_98' title='bbox 767 1821 1015 1866; x_wconf 80' lang='lat' dir='ltr'>Thracum</span> <span class='ocrx_word' id='word_1_99' title='bbox 1040 1825 1233 1880; x_wconf 84' lang='lat' dir='ltr'>pectora</span> <span class='ocrx_word' id='word_1_100' title='bbox 1247 1831 1259 1872; x_wconf 83' lang='lat'>3</span> 
     </span>
     <span class='ocr_line' id='line_1_22' title="bbox 290 1882 1210 1951; baseline -0.018 -8"><span class='ocrx_word' id='word_1_101' title='bbox 290 1893 512 1951; x_wconf 81' lang='lat' dir='ltr'>Canidia,</span> <span class='ocrx_word' id='word_1_102' title='bbox 536 1890 757 1935; x_wconf 89' lang='lat' dir='ltr'>brevibus</span> <span class='ocrx_word' id='word_1_103' title='bbox 782 1886 1021 1946; x_wconf 80' lang='lat' dir='ltr'>implicata</span> <span class='ocrx_word' id='word_1_104' title='bbox 1040 1882 1210 1943; x_wconf 84' lang='lat' dir='ltr'>viperis</span> 
     </span>
     <span class='ocr_line' id='line_1_23' title="bbox 556 1952 1302 2010; baseline -0.015 -9"><span class='ocrx_word' id='word_1_105' title='bbox 556 1955 727 2001; x_wconf 82' lang='lat' dir='ltr'>Crines</span> <span class='ocrx_word' id='word_1_106' title='bbox 752 1961 798 1998; x_wconf 89' lang='lat' dir='ltr'>et</span> <span class='ocrx_word' id='word_1_107' title='bbox 824 1952 1117 2010; x_wconf 84' lang='lat' dir='ltr'>incomptum</span> <span class='ocrx_word' id='word_1_108' title='bbox 1143 1954 1302 2008; x_wconf 87' lang='lat' dir='ltr'>caput,</span> 
     </span>
     <span class='ocr_line' id='line_1_24' title="bbox 295 2015 1333 2084; baseline -0.019 -10"><span class='ocrx_word' id='word_1_109' title='bbox 295 2027 324 2074; x_wconf 87' lang='lat' dir='ltr'><strong>J</strong></span> <span class='ocrx_word' id='word_1_110' title='bbox 328 2027 442 2073; x_wconf 85' lang='lat' dir='ltr'>ubet</span> <span class='ocrx_word' id='word_1_111' title='bbox 466 2020 697 2084; x_wconf 79' lang='lat' dir='ltr'>sepulcris</span> <span class='ocrx_word' id='word_1_112' title='bbox 722 2015 969 2078; x_wconf 85' lang='lat' dir='ltr'>caprificos</span> <span class='ocrx_word' id='word_1_113' title='bbox 993 2022 1167 2070; x_wconf 84' lang='lat' dir='ltr'>erutas,</span> <span class='ocrx_word' id='word_1_114' title='bbox 1325 2020 1333 2025; x_wconf 81' lang='grc'><em>’</em></span> 
     </span>
     <span class='ocr_line' id='line_1_25' title="bbox 558 2079 1240 2144; baseline -0.013 -13"><span class='ocrx_word' id='word_1_115' title='bbox 558 2086 586 2131; x_wconf 88' lang='lat' dir='ltr'><strong>J</strong></span> <span class='ocrx_word' id='word_1_116' title='bbox 592 2086 703 2130; x_wconf 87' lang='lat' dir='ltr'>ubet</span> <span class='ocrx_word' id='word_1_117' title='bbox 727 2097 977 2144; x_wconf 77' lang='lat' dir='ltr'>cupressos</span> <span class='ocrx_word' id='word_1_118' title='bbox 1002 2079 1240 2135; x_wconf 85' lang='lat' dir='ltr'>funebres,</span> 
     </span>
     <span class='ocr_line' id='line_1_26' title="bbox 294 2144 1234 2212; baseline -0.019 -7"><span class='ocrx_word' id='word_1_119' title='bbox 294 2158 357 2205; x_wconf 83' lang='lat' dir='ltr'>Et</span> <span class='ocrx_word' id='word_1_120' title='bbox 380 2163 526 2202; x_wconf 82' lang='lat' dir='ltr'>uncta</span> <span class='ocrx_word' id='word_1_121' title='bbox 547 2151 696 2212; x_wconf 86' lang='lat' dir='ltr'>turpis</span> <span class='ocrx_word' id='word_1_122' title='bbox 720 2165 807 2194; x_wconf 83' lang='lat' dir='ltr'>ova</span> <span class='ocrx_word' id='word_1_123' title='bbox 832 2163 958 2192; x_wconf 80' lang='lat' dir='ltr'>ranae</span> <span class='ocrx_word' id='word_1_124' title='bbox 985 2144 1234 2206; x_wconf 78' lang='lat' dir='ltr'>sanguine,</span> 
     </span>
     <span class='ocr_line' id='line_1_27' title="bbox 558 2208 1336 2275; baseline -0.013 -12"><span class='ocrx_word' id='word_1_125' title='bbox 558 2217 866 2275; x_wconf 77' lang='lat' dir='ltr'>plumamque</span> <span class='ocrx_word' id='word_1_126' title='bbox 893 2223 1137 2258; x_wconf 82' lang='lat' dir='ltr'>nocturnae</span> <span class='ocrx_word' id='word_1_127' title='bbox 1163 2208 1336 2271; x_wconf 84' lang='lat' dir='ltr'>strigis,</span> 
     </span>
     <span class='ocr_line' id='line_1_28' title="bbox 295 2275 1245 2346; baseline -0.018 -10"><span class='ocrx_word' id='word_1_128' title='bbox 295 2288 576 2346; x_wconf 78' lang='lat' dir='ltr'>Herbasque</span> <span class='ocrx_word' id='word_1_129' title='bbox 600 2298 716 2343; x_wconf 82' lang='lat' dir='ltr'>quus</span> <span class='ocrx_word' id='word_1_130' title='bbox 742 2281 896 2326; x_wconf 91' lang='lat' dir='ltr'>Iolcos</span> <span class='ocrx_word' id='word_1_131' title='bbox 921 2288 1060 2338; x_wconf 81' lang='lat' dir='ltr'>atque</span> <span class='ocrx_word' id='word_1_132' title='bbox 1087 2275 1245 2321; x_wconf 86' lang='lat' dir='ltr'>Iberia</span> 
     </span>
     <span class='ocr_line' id='line_1_29' title="bbox 562 2343 1193 2399; baseline -0.013 -5"><span class='ocrx_word' id='word_1_133' title='bbox 562 2348 708 2394; x_wconf 79' lang='lat' dir='ltr'>Mittit.</span> <span class='ocrx_word' id='word_1_134' title='bbox 733 2359 1023 2391; x_wconf 87' lang='lat' dir='ltr'>venenorum</span> <span class='ocrx_word' id='word_1_135' title='bbox 1049 2343 1193 2399; x_wconf 84' lang='lat' dir='ltr'>ferax,</span> 
     </span>
     <span class='ocr_line' id='line_1_30' title="bbox 297 2408 1205 2473; baseline -0.018 -5"><span class='ocrx_word' id='word_1_136' title='bbox 297 2421 362 2468; x_wconf 87' lang='lat' dir='ltr'>Et</span> <span class='ocrx_word' id='word_1_137' title='bbox 383 2434 491 2466; x_wconf 84' lang='lat' dir='ltr'>ossa</span> <span class='ocrx_word' id='word_1_138' title='bbox 515 2416 574 2462; x_wconf 83' lang='lat' dir='ltr'>ab</span> <span class='ocrx_word' id='word_1_139' title='bbox 597 2430 677 2460; x_wconf 89' lang='lat' dir='ltr'>ore</span> <span class='ocrx_word' id='word_1_140' title='bbox 703 2422 834 2473; x_wconf 79' lang='lat' dir='ltr'>rapta</span> <span class='ocrx_word' id='word_1_141' title='bbox 854 2411 1030 2472; x_wconf 78' lang='lat' dir='ltr'>jejunae</span> <span class='ocrx_word' id='word_1_142' title='bbox 1055 2408 1205 2464; x_wconf 80' lang='lat' dir='ltr'>caniS,</span> 
     </span>
     <span class='ocr_line' id='line_1_31' title="bbox 561 2472 1228 2526; baseline -0.012 0"><span class='ocrx_word' id='word_1_143' title='bbox 561 2479 788 2526; x_wconf 79' lang='lat' dir='ltr'>Flammis</span> <span class='ocrx_word' id='word_1_144' title='bbox 813 2477 947 2523; x_wconf 80' lang='lat' dir='ltr'>aduri</span> <span class='ocrx_word' id='word_1_145' title='bbox 972 2472 1228 2520; x_wconf 79' lang='lat' dir='ltr'>Colchicis.</span> 
     </span>
     <span class='ocr_line' id='line_1_32' title="bbox 301 2539 1337 2611; baseline -0.015 -14"><span class='ocrx_word' id='word_1_146' title='bbox 301 2552 368 2598; x_wconf 83' lang='lat' dir='ltr'>At</span> <span class='ocrx_word' id='word_1_147' title='bbox 391 2547 609 2609; x_wconf 79' lang='lat' dir='ltr'>expedita</span> <span class='ocrx_word' id='word_1_148' title='bbox 631 2546 839 2611; x_wconf 61' lang='lat' dir='ltr'>Sagana,</span> <span class='ocrx_word' id='word_1_149' title='bbox 864 2558 946 2603; x_wconf 88' lang='lat' dir='ltr'>per</span> <span class='ocrx_word' id='word_1_150' title='bbox 971 2550 1118 2587; x_wconf 78' lang='lat' dir='ltr'>totam</span> <span class='ocrx_word' id='word_1_151' title='bbox 1143 2539 1337 2584; x_wconf 86' lang='lat' dir='ltr'>domum</span> 
     </span>
     <span class='ocr_line' id='line_1_33' title="bbox 568 2599 1282 2670; baseline -0.013 -15"><span class='ocrx_word' id='word_1_152' title='bbox 568 2611 807 2670; x_wconf 83' lang='lat' dir='ltr'>Spargens</span> <span class='ocrx_word' id='word_1_153' title='bbox 833 2606 1096 2652; x_wconf 79' lang='lat' dir='ltr'>Avernales</span> <span class='ocrx_word' id='word_1_154' title='bbox 1121 2599 1282 2663; x_wconf 64' lang='lat' dir='ltr'>acinus,</span> 
     </span>
     <span class='ocr_line' id='line_1_34' title="bbox 302 2669 1199 2736; baseline -0.019 -7"><span class='ocrx_word' id='word_1_155' title='bbox 302 2680 480 2728; x_wconf 87' lang='lat' dir='ltr'>Horret</span> <span class='ocrx_word' id='word_1_156' title='bbox 504 2675 686 2736; x_wconf 82' lang='lat' dir='ltr'>capillis</span> <span class='ocrx_word' id='word_1_157' title='bbox 712 2683 762 2718; x_wconf 87' lang='lat' dir='ltr'>ut</span> <span class='ocrx_word' id='word_1_158' title='bbox 787 2672 997 2716; x_wconf 81' lang='lat' dir='ltr'>marinus</span> <span class='ocrx_word' id='word_1_159' title='bbox 1023 2669 1199 2729; x_wconf 84' lang='lat' dir='ltr'>asperis</span> 
     </span>
     <span class='ocr_line' id='line_1_35' title="bbox 569 2739 1277 2795; baseline -0.01 -10"><span class='ocrx_word' id='word_1_160' title='bbox 569 2739 802 2795; x_wconf 89' lang='lat' dir='ltr'>Echinus,</span> <span class='ocrx_word' id='word_1_161' title='bbox 828 2745 908 2782; x_wconf 83' lang='lat' dir='ltr'>aut</span> <span class='ocrx_word' id='word_1_162' title='bbox 932 2749 1129 2794; x_wconf 83' lang='lat' dir='ltr'>currens</span> <span class='ocrx_word' id='word_1_163' title='bbox 1153 2747 1277 2795; x_wconf 84' lang='lat' dir='ltr'>aper.</span> 
     </span>
     <span class='ocr_line' id='line_1_36' title="bbox 306 2800 1120 2860; baseline -0.018 -1"><span class='ocrx_word' id='word_1_164' title='bbox 306 2812 494 2860; x_wconf 82' lang='lat' dir='ltr'>Abacta</span> <span class='ocrx_word' id='word_1_165' title='bbox 517 2806 649 2853; x_wconf 56' lang='lat' dir='ltr'>nulla</span> <span class='ocrx_word' id='word_1_166' title='bbox 674 2804 796 2850; x_wconf 82' lang='lat' dir='ltr'>Veia</span> <span class='ocrx_word' id='word_1_167' title='bbox 820 2800 1120 2848; x_wconf 47' lang='lat' dir='ltr'>conscientie</span> 
     </span>
     <span class='ocr_line' id='line_1_37' title="bbox 568 2867 1209 2934; baseline -0.016 -15"><span class='ocrx_word' id='word_1_168' title='bbox 568 2870 832 2934; x_wconf 84' lang='lat' dir='ltr'>Ligonibus</span> <span class='ocrx_word' id='word_1_169' title='bbox 856 2867 986 2913; x_wconf 88' lang='lat' dir='ltr'>duris</span> <span class='ocrx_word' id='word_1_170' title='bbox 1013 2867 1209 2912; x_wconf 86' lang='lat' dir='ltr'>humum</span> 
     </span>
     <span class='ocr_line' id='line_1_38' title="bbox 308 2931 1212 2997; baseline -0.017 -7"><span class='ocrx_word' id='word_1_171' title='bbox 308 2938 646 2996; x_wconf 79' lang='lat' dir='ltr'>Exhauriebat,</span> <span class='ocrx_word' id='word_1_172' title='bbox 673 2938 922 2997; x_wconf 82' lang='lat' dir='ltr'>ingemens</span> <span class='ocrx_word' id='word_1_173' title='bbox 947 2931 1212 2987; x_wconf 79' lang='lat' dir='ltr'>laboribus;</span> 
     </span>
     <span class='ocr_line' id='line_1_39' title="bbox 570 2998 1242 3064; baseline -0.013 -14"><span class='ocrx_word' id='word_1_174' title='bbox 570 3001 687 3054; x_wconf 76' lang='lat' dir='ltr'>Quo</span> <span class='ocrx_word' id='word_1_175' title='bbox 715 3009 872 3064; x_wconf 86' lang='lat' dir='ltr'>posset</span> <span class='ocrx_word' id='word_1_176' title='bbox 897 2998 1101 3045; x_wconf 89' lang='lat' dir='ltr'>infossus</span> <span class='ocrx_word' id='word_1_177' title='bbox 1124 3011 1242 3058; x_wconf 88' lang='lat' dir='ltr'>puer</span> 
     </span>
     <span class='ocr_line' id='line_1_40' title="bbox 306 3062 1239 3136; baseline -0.016 -13"><span class='ocrx_word' id='word_1_178' title='bbox 306 3074 476 3136; x_wconf 87' lang='lat' dir='ltr'>Longo</span> <span class='ocrx_word' id='word_1_179' title='bbox 500 3070 577 3117; x_wconf 83' lang='lat' dir='ltr'>die</span> <span class='ocrx_word' id='word_1_180' title='bbox 602 3070 674 3115; x_wconf 88' lang='lat' dir='ltr'>bis</span> <span class='ocrx_word' id='word_1_181' title='bbox 697 3077 862 3129; x_wconf 83' lang='lat' dir='ltr'>terque</span> <span class='ocrx_word' id='word_1_182' title='bbox 885 3073 1076 3111; x_wconf 63' lang='lat' dir='ltr'>mutatae</span> <span class='ocrx_word' id='word_1_183' title='bbox 1099 3062 1239 3126; x_wconf 71' lang='lat' dir='ltr'>dapis</span> 
     </span>
     <span class='ocr_line' id='line_1_41' title="bbox 571 3130 1100 3195; baseline -0.009 -12"><span class='ocrx_word' id='word_1_184' title='bbox 571 3134 779 3183; x_wconf 81' lang='lat' dir='ltr'>Inemori</span> <span class='ocrx_word' id='word_1_185' title='bbox 802 3130 1100 3195; x_wconf 74' lang='lat' dir='ltr'>spectacu105</span> 
     </span>
    </p>
   </div>
   <div class='ocr_carea' id='block_1_7' title="bbox 1596 494 1665 544">
    <p class='ocr_par' dir='ltr' id='par_1_7' title="bbox 1596 494 1665 544">
     <span class='ocr_line' id='line_1_42' title="bbox 1596 494 1665 544; baseline 0 0"><span class='ocrx_word' id='word_1_186' title='bbox 1596 494 1665 544; x_wconf 74' lang='lat'>20</span> 
     </span>
    </p>
   </div>
   <div class='ocr_carea' id='block_1_8' title="bbox 1620 1545 1682 1594">
    <p class='ocr_par' dir='ltr' id='par_1_8' title="bbox 1620 1545 1682 1594">
     <span class='ocr_line' id='line_1_43' title="bbox 1620 1545 1682 1594; baseline 0.016 -1"><span class='ocrx_word' id='word_1_187' title='bbox 1620 1545 1682 1594; x_wconf 90' lang='lat'>10</span> 
     </span>
    </p>
   </div>
   <div class='ocr_carea' id='block_1_9' title="bbox 1625 1875 1686 1922">
    <p class='ocr_par' dir='ltr' id='par_1_9' title="bbox 1625 1875 1686 1922">
     <span class='ocr_line' id='line_1_44' title="bbox 1625 1875 1686 1922; baseline 0 0"><span class='ocrx_word' id='word_1_188' title='bbox 1625 1875 1686 1922; x_wconf 88' lang='lat'>15</span> 
     </span>
    </p>
   </div>
   <div class='ocr_carea' id='block_1_10' title="bbox 1623 2203 1690 2251">
    <p class='ocr_par' dir='ltr' id='par_1_10' title="bbox 1623 2203 1690 2251">
     <span class='ocr_line' id='line_1_45' title="bbox 1623 2203 1690 2251; baseline -0.015 0"><span class='ocrx_word' id='word_1_189' title='bbox 1623 2203 1690 2251; x_wconf 76' lang='lat'>20</span> 
     </span>
    </p>
   </div>
   <div class='ocr_carea' id='block_1_11' title="bbox 1626 2855 1695 2906">
    <p class='ocr_par' dir='ltr' id='par_1_11' title="bbox 1626 2855 1695 2906">
     <span class='ocr_line' id='line_1_46' title="bbox 1626 2855 1695 2906; baseline -0.014 0"><span class='ocrx_word' id='word_1_190' title='bbox 1626 2855 1695 2906; x_wconf 80' lang='lat'>30</span> 
     </span>
    </p>
   </div>
  </div>
 </body>
</html>
