1841 3349
561 150 904 199 CARMINUM
933 150 1043 188 LIB.
1073 150 1155 189 111.

424 271 482 316 In
505 270 704 332 patriam
726 268 1045 330 populumque
1070 268 1216 316 fluxit.

293 337 453 383 Motus
477 336 635 382 doceri
660 335 835 396 gaudet
861 334 1050 380 Ionicos

292 402 482 450 Matura
506 402 650 462 virgo,
678 410 724 445 et
748 400 938 461 fingitur
963 400 1169 446 artibus:

358 467 467 514 Jam
492 483 622 512 nunc
648 476 695 512 et
719 467 928 511 incestos
953 481 1136 512 amores

424 532 498 578 De
523 542 685 578 tenero
710 532 962 577 meditatur
988 531 1152 592 ungui.

292 598 404 645 Non
430 598 502 644 his
522 598 741 660 juventus
766 606 867 642 orta
890 598 1163 658 parentibus

291 664 466 710 Infecit
491 677 645 725 aequor
671 664 901 724 sanguine
927 664 1126 721 Punico,

358 731 682 791 Pyrrhumque
708 740 755 775 et
779 730 1021 789 ingentem
1048 728 1222 775 cecidit

423 796 733 852 Antiochum,
761 794 1175 855 Hannibalemque
1200 794 1383 840 dirum:

293 862 388 908 Sed
413 862 692 907 rusticorum
719 861 929 906 mascula
953 860 1155 906 militum

291 928 469 985 Proles,
496 928 695 972 Sabellis
720 927 859 972 docta
883 926 1120 987 ligonibus

359 994 562 1039 Versare
587 994 763 1054 glebas,
789 1002 835 1036 et
860 1008 1031 1036 severae

426 1058 593 1104 Matris
618 1059 676 1103 ad
702 1057 945 1103 arbitrium
972 1057 1149 1103 recisos

292 1125 484 1171 Portare
510 1125 671 1182 susteS,
698 1124 763 1170 sol
791 1124 871 1168 ubi
895 1123 1127 1168 montium

293 1190 502 1237 Mutaret
526 1190 729 1247 umbras,
756 1199 803 1235 et
823 1189 936 1250 juga
961 1190 1174 1235 demeret

359 1257 519 1303 Bobus
545 1256 763 1316 fatigatis,
790 1256 997 1300 amicum

426 1321 640 1383 Tempus
666 1337 812 1382 agens
837 1321 1039 1365 abeunte
1065 1335 1222 1366 curru.

293 1389 535 1435 Damnosa
559 1388 671 1447 quid
697 1403 792 1432 non
819 1386 1056 1431 imminuit
1081 1386 1212 1432 dies?

294 1455 431 1501 AEtas
453 1453 720 1515 parentum,
744 1452 874 1514 pejor
900 1453 1012 1510 aviS,
1037 1452 1145 1498 tulit

359 1520 462 1567 Nos
487 1520 751 1580 nequiores,
778 1535 886 1565 mox
910 1519 1102 1564 daturos

427 1586 710 1648 Progeniem
734 1585 1033 1631 vitiosiorem.

710 1849 850 1895 ODE
886 1849 1001 1897 VII.

640 1963 706 1994 AD
731 1964 1079 1995 MAECENATEM.

296 2048 517 2094 MARTus
543 2047 718 2092 coelebs
741 2047 854 2106 quid
881 2062 1017 2107 agam
1044 2046 1278 2106 kalendis,

295 2115 432 2164 Quid
458 2113 601 2158 velint
626 2111 778 2170 floreS‚
804 2120 851 2157 et
876 2127 1038 2157 acerra
1060 2113 1212 2158 thuris

297 2181 463 2239 Plena,
488 2178 689 2235 mirariS‚
714 2178 984 2239 positusque
1009 2178 1152 2225 carbo
1177 2179 1227 2225 in

626 2244 818 2305 Cespite
843 2244 961 2302 vivo,

296 2312 448 2358 Docte
475 2326 713 2356 sermones
741 2310 980 2370 utriusque
1006 2309 1195 2371 linguae.

296 2378 530 2423 voveram
557 2376 720 2422 dulces
744 2376 906 2438 epulas
931 2385 978 2422 et
997 2377 1157 2422 album

295 2444 469 2490 Libero
493 2458 703 2504 caprum,
730 2440 873 2503 prope
900 2442 1144 2488 funeratus

626 2509 823 2553 Arboris
849 2509 959 2554 ictu.

300 2574 397 2619 Hic
417 2573 519 2617 dies
544 2589 668 2618 anno
691 2575 920 2619 redeunte
948 2574 1094 2620 festus
1167 2597 1182 2607 κ

303 2638 544 2685 Corticem
571 2639 813 2683 astrictum
837 2640 945 2698 pice
971 2638 1227 2701 dimovebit

300 2705 574 2766 Amphorae,
601 2703 782 2748 fumum
810 2703 968 2748 bib-ere
994 2704 1221 2749 institutae

630 2768 840 2814 Consule
861 2768 1018 2815 Tullo.

301 2837 463 2893 Sume,
490 2834 748 2893 Maecenas,
774 2836 966 2895 cyathos
992 2835 1133 2881 amici

302 2902 501 2962 Sospitis
526 2910 746 2957 centum3
784 2911 830 2946 et
854 2901 1017 2962 vigiles
1041 2902 1261 2947 lucernas

300 2968 460 3014 Perfer
485 2967 534 3013 in
558 2967 713 3013 lucem
734 2983 741 3012 :
778 2968 940 3028 procul
964 2968 1117 3013 omnis
1140 2976 1242 3014 esto

632 3033 822 3079 Clamor
847 3042 893 3078 et
911 3034 992 3079 ira.

302 3097 440 3145 Mitte
465 3097 626 3144 civiles
649 3115 788 3161 super
813 3099 941 3146 Urbe
966 3115 1126 3146 curas:

1611 150 1680 198 45
1712 185 1723 193 x

1613 267 1682 314 20

1616 922 1682 970 30

1623 1579 1688 1627 40

1628 2637 1688 2684 10

1629 2963 1690 3011 15
