1841 3349
553 214 896 257 sATmARUM
927 219 1035 258 Lm.
1067 220 1126 260 11.
1156 223 1194 260 5.
1604 226 1695 274 133

102 329 268 378 Persta
292 341 430 394 atque
453 334 649 392 obdura,
675 351 757 380 seu
783 337 925 382 rubra
949 337 1184 385 Canicula
1207 339 1354 386 findet

102 395 317 443 Infantes
342 409 533 456 statuaS,
555 415 638 444 seu
663 401 825 461 pingui
853 411 1010 447 tentus
1033 419 1195 449 omaso
1628 406 1694 453 40

101 461 275 507 Furius
303 464 521 509 hibernas
548 466 669 510 cana
695 466 800 510 nive
826 477 1055 527 conspuet
1091 469 1252 529 Alpes.

102 527 325 573 “Nonne
351 529 527 586 vides‚”
557 530 722 590 aliquis
748 532 908 576 cubito
933 542 1136 578 stantem
1163 531 1306 595 prope
1333 542 1535 596 tangens

101 590 306 652 Inquiet,
329 597 356 616 “
376 603 426 638 ut
451 595 656 654 patiens!
695 605 746 640 ut
773 597 937 642 amicis
963 599 1123 658 aptus!
1164 607 1213 643 ut
1238 615 1345 645 acer
1367 599 1410 645 !'’

100 656 264 702 Plures
290 659 534 705 armabunt
559 661 745 718 thunni,
772 670 818 706 et
843 663 1018 708 cetaria
1043 674 1272 710 crescent.

100 723 151 767 Si
177 723 253 767 cui
280 734 504 783 praeterea
529 725 708 770 validus
734 725 855 772 male
883 728 1006 772 filius
1031 728 1079 773 in
1104 744 1153 774 re
1625 729 1690 777 45

98 787 332 833 Praeclara
358 790 569 835 sublatus
595 791 770 846 aletur;
808 807 868 836 ne
894 793 1195 838 manifestum

98 852 290 898 Caelibis
314 854 592 915 obsequium
619 857 767 901 nudet
790 866 852 914 te,
878 856 1045 903 leniter
1070 858 1118 903 in
1144 874 1275 919 spem

97 919 280 979 Arrepe
303 919 556 977 officiosus,
582 931 634 967 ut
658 930 704 967 et
728 922 933 967 scribare
959 924 1198 968 secundus

97 983 280 1041 HaereS‚
306 994 367 1042 et,
394 985 432 1030 si
456 987 560 1046 quis
584 1002 723 1032 casus
746 1003 945 1047 puerum
970 989 1118 1049 egerit
1142 988 1289 1048 Orco,

96 1047 154 1093 In
182 1064 381 1095 vacuum
410 1052 596 1096 venias:
633 1050 823 1112 perraro
851 1054 952 1098 haec
977 1054 1079 1099 alea
1103 1054 1233 1100 fallit.
1622 1056 1689 1103 50

93 1114 196 1163 Qui
218 1125 551 1162 testamentum
576 1118 729 1163 tradet
753 1118 837 1164 tibi
863 1134 1051 1180 cunque
1075 1119 1350 1181 legendum,
1427 1117 1431 1122 ’

96 1180 326 1226 Abnuere
351 1192 398 1226 et
422 1182 605 1227 tabulas
631 1198 657 1227 a
681 1195 727 1228 te
753 1200 992 1230 removere
1018 1194 1285 1232 memento:

95 1246 179 1290 Sic
203 1255 362 1291 tamen
390 1256 441 1292 ut
466 1247 589 1292 limis
609 1249 762 1308 rapias
787 1250 899 1309 quid
923 1250 1076 1310 prima
1100 1251 1310 1297 secundo

93 1310 218 1356 Cera
245 1311 352 1356 velit
377 1328 539 1368 versu3
577 1313 703 1358 solus
727 1315 950 1360 multisne
975 1316 1202 1374 cohaeres,

92 1375 259 1421 Veloci
285 1392 506 1437 percurre
530 1379 681 1424 oculo.
753 1379 1036 1441 Plerumque
1061 1388 1278 1427 recoctus
1617 1383 1684 1429 55

94 1441 262 1486 Scriba
286 1458 344 1487 ex
368 1442 697 1503 Quinqueviro
722 1459 913 1490 corvum
938 1445 1133 1491 deludet
1157 1446 1383 1506 hiantem,

93 1506 409 1568 Captatorque
435 1508 565 1554 dabit
588 1510 709 1555 risus
733 1509 914 1556 Nasica
939 1511 1140 1557 Corano.

753 1633 950 1662 ULYSSRS.

91 1699 225 1746 Num
252 1701 397 1747 furis?
422 1718 483 1747 an
506 1703 713 1764 prudens
737 1703 860 1749 ludis
884 1720 959 1750 me
983 1705 1186 1751 obscura
1209 1706 1461 1754 canendo?

746 1827 965 1853 TIRESIAS.

90 1896 137 1942 O
162 1896 430 1955 Laertiade,
457 1898 683 1958 quidquid
709 1899 882 1956 dicam,
908 1908 988 1945 aut
1012 1899 1115 1957 erit,
1142 1908 1222 1946 aut
1245 1916 1368 1947 non:

92 1961 317 2008 Divinare
342 1964 520 2009 etenim
545 1979 746 2024 magnus
771 1964 886 2009 mihi
911 1965 1055 2010 donat
1079 1966 1263 2026 Apollo.
1611 1966 1678 2014 60

749 2086 946 2112 ULYSSES.

87 2155 223 2206 Quid
247 2165 406 2203 tamen
430 2156 519 2204 ista
541 2157 651 2203 velit
675 2158 763 2204 sibi
788 2158 961 2217 fabula,
986 2159 1171 2218 silicet,
1195 2159 1299 2207 ede.

735 2281 954 2308 TIRESIAS.

89 2348 328 2411 Tempore
353 2368 444 2413 quo
464 2353 650 2414 juvenis
676 2353 860 2399 Parthis
885 2355 1164 2414 horrenduS‚
1189 2356 1248 2403 ab
1272 2355 1366 2404 alto

88 2414 358 2462 Demissum
384 2434 536 2478 genus
562 2419 734 2476 AEnea,
759 2419 924 2465 tellure
951 2421 1159 2481 marique

89 2479 297 2541 Magnus
321 2483 423 2539 erit,
450 2484 553 2529 forti
578 2485 725 2529 nubet
747 2500 944 2545 procera
963 2486 1152 2532 Corano

88 2544 211 2590 Fiiia
236 2545 444 2603 Nasicae,
471 2550 722 2594 metuentis
746 2550 942 2594 reddere
967 2551 1192 2596 soldumf
1606 2551 1674 2600 65

88 2609 219 2655 Tum
244 2626 389 2671 gener
415 2613 503 2657 hoc
529 2613 668 2657 faciet
688 2630 698 2668 3
735 2614 917 2658 tabulas
941 2630 1104 2660 socero
1128 2615 1274 2673 dabit,
1299 2624 1437 2677 atque

87 2674 151 2721 Ut
174 2676 298 2736 legat
321 2677 497 2722 orabit:
537 2675 736 2722 multum
763 2677 941 2722 Nasica
965 2689 1160 2739 negatas

89 2741 311 2801 Accipiet
334 2742 526 2787 tandem
551 2752 598 2787 et
620 2742 791 2787 tacitus
815 2742 939 2802 leget
958 2759 968 2798 3
1008 2744 1307 2805 invenietque

87 2804 170 2850 Nil
195 2806 282 2850 sibi
309 2807 531 2868 legatum,
557 2816 724 2868 praeter
742 2806 939 2867 plorare,
966 2808 1168 2868 suisque.

87 2869 212 2915 Illud
238 2871 295 2915 ad
323 2873 424 2917 haec
444 2872 613 2932 jubeo:
651 2872 818 2917 mulier
843 2872 880 2917 si
908 2871 1023 2918 forta}
1049 2873 1208 2919 dolosa
1606 2877 1673 2924 70

87 2934 363 2982 Libertusve
388 2953 547 2983 senem
574 2937 772 2983 delirum
797 2947 1038 2998 temperet,
1065 2938 1155 2984 illis

87 3001 309 3047 Accedas
335 3003 514 3058 socius;
551 3003 730 3060 laudeS,
756 3003 960 3048 lauderis
986 3013 1035 3050 ut
1058 3003 1243 3051 absens.

87 3064 171 3112 Me
195 3083 324 3126 sene,
349 3068 472 3128 quod
499 3068 670 3126 dicam,
696 3068 870 3114 factum
897 3077 994 3114 est:
1032 3069 1171 3116 Anus
1194 3069 1407 3136 improba
1428 3067 1614 3118 Thebis

87 3130 162 3178 Ex
184 3140 474 3179 testamento
494 3132 564 3178 sic
585 3140 658 3178 est
675 3132 829 3180 elata:
861 3134 1061 3181 cadaver

420 3200 482 3246 12
