1841 3349
111 191 177 239 74

647 182 978 222 CARMINUM
1008 180 1116 229 LIB.
1147 178 1212 218 IV

439 301 515 349 Te
538 301 778 349 belluosus
800 301 879 362 qui
903 299 1093 346 remotis

504 367 748 429 Obstrepit
770 365 995 412 Oceanus
1020 362 1278 419 Britannis,

375 433 452 480 Te
476 449 570 479 non
594 432 806 494 paventis
831 432 995 477 funera
1018 428 1185 474 Galliae

375 498 612 559 Duraeque
636 498 774 543 tellus
798 497 928 541 audit
953 494 1147 539 Iberiae:

441 563 517 609 Te
542 563 672 608 caede
696 561 957 622 gaudentes
977 556 1212 604 Sicambri

505 627 792 688 Compositis
816 633 1098 671 venerantur
1122 620 1281 667 armis.

786 881 924 929 ODE
958 880 1099 927 XIV.

723 995 937 1028 AUGUSTI
961 993 1168 1024 LAUDES.

377 1084 597 1130 Pncmms
622 1080 853 1127 voientem
877 1076 1040 1138 proelia
1063 1091 1138 1121 me
1163 1075 1287 1136 loqui

378 1150 542 1196 Victas
566 1156 613 1193 et
636 1147 775 1192 urbes
801 1142 1034 1203 increpuit
1056 1141 1171 1202 lyra,

446 1213 523 1259 Ne
547 1228 689 1274 parva
713 1210 1017 1271 Tyrrhenum
1043 1223 1124 1267 per
1151 1221 1307 1266 aequor

508 1278 628 1324 Vela
653 1278 826 1322 darem.
887 1273 1013 1330 Tua,
1039 1273 1215 1330 Caesar,
1242 1279 1354 1318 aetas

380 1346 564 1405 Fruges
587 1352 635 1388 et
659 1342 781 1403 agris
805 1339 981 1385 rettulit
1005 1338 1188 1394 uberes,

380 1409 443 1456 Et
467 1410 602 1470 signa
625 1417 784 1453 nostro
809 1404 1009 1451 restituit
1034 1402 1139 1448 Jovi

446 1473 643 1534 Direpta
668 1472 944 1518 Parthorum
971 1467 1182 1529 superbis

511 1538 746 1593 Postibus,
772 1547 819 1582 et
843 1550 1044 1581 vacuum
1070 1533 1239 1578 duellis

380 1605 555 1651 Janum
578 1602 774 1653 Quirini
799 1600 982 1656 clausit,
1007 1607 1054 1644 et
1075 1598 1289 1643 ordinem

382 1671 593 1717 Rectum
617 1677 664 1714 et
689 1667 875 1728 vaganti
902 1665 1046 1710 fraena
1070 1663 1273 1709 licentiae

447 1735 633 1796 Injecit,
660 1733 922 1791 amovitque
947 1730 1125 1789 culpas,

513 1799 576 1846 Et
598 1808 778 1844 veteres
802 1795 1034 1842 revocavit
1058 1803 1195 1851 artes,

382 1867 472 1913 Per
498 1881 613 1926 quas
638 1864 860 1909 Latinum
885 1875 1057 1906 nomen
1082 1868 1129 1904 et
1153 1857 1286 1903 Italae

382 1930 588 1978 Crevere
613 1929 748 1987 vires,
775 1929 988 1986 famaque
1007 1934 1054 1970 et
1078 1922 1245 1985 imperi

449 1997 672 2043 Porrecta
695 1994 913 2054 majestas
939 1992 995 2036 ad
1021 1999 1174 2036 ortum

514 2061 637 2107 Solis
661 2061 720 2105 ab
744 2058 977 2118 Hesperio
1002 2055 1159 2101 cubili.

384 2127 593 2174 Custode
613 2140 768 2170 rerum
794 2123 1000 2178 Caesare,
1027 2136 1119 2165 non
1143 2119 1269 2165 furor

385 2192 564 2249 Civilis,
591 2199 671 2235 aut
695 2189 762 2234 vis
787 2188 960 2233 eximet
983 2186 1157 2240 otium3

451 2256 563 2303 Non
589 2256 671 2312 ira,
696 2269 798 2314 quae
824 2252 1038 2313 procudit
1061 2265 1215 2306 enses,

516 2321 577 2367 Et
600 2321 793 2365 miseras
819 2317 1029 2363 inimicat
1049 2315 1206 2360 urbes.

384 2387 496 2434 Non
521 2386 600 2447 qui
623 2384 905 2446 profundum
931 2381 1203 2426 Danubium
1230 2378 1396 2425 bibunt

383 2452 554 2500 Edicta
572 2459 790 2511 rumpent
814 2448 841 2492 J
850 2448 957 2504 ulia,
982 2463 1073 2492 non
1095 2445 1246 2502 Getae,

451 2517 567 2563 Non
594 2517 749 2572 Seres,
775 2513 963 2559 infidive
989 2512 1160 2567 Persae,

517 2582 627 2628 Non
656 2580 861 2626 Tanaim
887 2593 1028 2639 prope
1055 2576 1229 2621 flumen
1253 2573 1356 2620 orti.

386 2647 580 2709 Nosque
605 2656 651 2692 et
673 2645 888 2707 profestis
911 2643 1095 2689 lucibus
1118 2650 1167 2687 et
1189 2639 1353 2698 sacriS‚

388 2714 520 2759 Inter
541 2713 690 2774 jocosi
714 2726 909 2756 munera
935 2707 1109 2764 Liberi,

454 2779 575 2824 Cur'n
602 2777 728 2838 prole
754 2774 1071 2832 matronisque
1095 2770 1281 2827 nostris,

517 2841 632 2888 Rite
659 2843 771 2887 deos
794 2838 924 2902 prius
948 2835 1198 2898 apprecati,

387 2907 572 2953 Virtute
599 2907 798 2964 functos,
818 2921 945 2951 more
968 2912 1167 2965 patrum,
1193 2900 1354 2957 duces,

390 2972 534 3033 Lydis
558 2973 754 3017 remixto
779 2970 987 3016 carmine
1011 2966 1152 3022 tibiis,

454 3037 739 3098 Trojamque
764 3045 810 3080 et
835 3033 1096 3088 Anchisen,
1121 3039 1168 3076 et
1191 3029 1325 3075 almae

521 3101 802 3164 Progeniem
825 3098 1027 3145 Veneris
1044 3111 1284 3143 canemus.

1707 1661 1767 1707 10

1708 1987 1767 2032 15
