1841 3349
595 201 938 243 SATIRARUM
968 201 1077 242 LIB.
1108 202 1142 241 1.
1173 205 1212 241 3.
1659 199 1751 248 95⁸

137 321 314 384 Injussi
339 338 581 381 nunquam
607 323 852 374 desistant.
909 322 1088 368 Sardus
1112 321 1317 368 habebat

137 388 224 434 Ille
250 387 486 448 Tigellius
512 387 615 431 hoc.
675 387 852 442 Caesar,
878 388 957 445 qui
982 402 1152 446 cogere
1177 394 1350 445 posset,

137 454 189 499 Si
211 462 390 514 peteret
413 467 495 513 per
520 451 773 496 amicitiam
799 451 943 511 patris
967 458 1106 511 atque
1132 465 1282 508 suam,
1302 465 1399 496 non
1467 454 1472 459 ’
1696 449 1728 495 5

133 519 412 579 Quidquam
437 516 710 578 proficeret:
748 516 785 561 si
811 515 1116 574 collibuisset,
1145 515 1203 561 ab
1226 530 1313 561 ovo

135 584 294 644 Usque
320 585 379 629 ad
405 583 527 628 mala
551 583 732 640 citaret,
771 581 873 627 “Io
897 582 1137 640 Bacche,’'
1165 578 1307 626 modo
1334 595 1520 626 summa

136 649 286 707 Voce,
312 647 453 695 modo
482 650 570 694 hac
594 620 782 693 resoriat
805 663 908 708 quae
933 648 1123 693 chordis
1147 656 1345 708 quatuor
1371 647 1480 693 ima.

135 715 217 761 Nil
244 715 420 775 aequale
447 714 625 760 homini
651 714 736 759 fuit
760 714 826 758 illi
849 730 858 758 :
895 729 1019 774 saepe
1045 714 1169 758 velut
1195 713 1274 773 qui

136 780 370 827 Currebat
395 781 581 841 fugiens
607 781 816 834 hostem3
854 777 1065 839 persaepe
1092 779 1218 824 velut
1242 779 1321 839 qui
1671 776 1732 824 10

136 846 165 892 J
170 847 339 892 unonis
363 862 496 891 sacra
521 846 686 891 ferret:
726 845 926 889 habebat
950 842 1074 905 saepe
1100 845 1346 902 ducentos,

138 910 275 973 Saepe
305 913 471 957 decem
491 927 673 957 servos:
711 908 852 956 modo
878 926 1013 971 reges
1038 919 1175 970 atque
1199 910 1474 968 tetrarchas,

137 977 316 1024 Omnia
341 994 513 1038 magna
536 978 759 1037 loquens3
797 974 956 1033 modo,
983 979 1011 999 “
1036 976 1107 1021 Sit
1131 976 1245 1021 mihi
1270 991 1436 1021 mensa
1459 974 1622 1037 tripeS,
1644 983 1694 1022 et

140 1043 340 1090 Concha
365 1044 474 1088 salis
498 1044 618 1104 puri,
645 1052 692 1088 et
715 1051 839 1102 toga,
865 1057 968 1101 quae
995 1041 1251 1087 defendere
1278 1042 1442 1103 frigus,

138 1110 374 1159 Quamvis
400 1125 573 1166 crassa,
599 1109 783 1169 queat.''
824 1107 1000 1153 Decies
1025 1116 1231 1152 centena
1256 1108 1468 1154 dedisses
1505 1113 1507 1115 ’
1671 1106 1732 1154 15

141 1176 271 1221 Huic
295 1191 436 1236 parco
455 1175 620 1236 paucis
644 1183 883 1231 contento,
905 1174 1110 1234 quinque
1136 1174 1303 1219 diebus

140 1240 223 1286 Nil
250 1250 349 1287 erat
368 1242 416 1286 in
442 1240 635 1286 loculis:
673 1249 837 1285 noctes
861 1240 1083 1300 vigilabat
1107 1240 1166 1285 ad
1191 1240 1346 1301 ipsum

143 1306 290 1352 Mane
310 1323 320 1363 3
359 1307 485 1352 diem
509 1316 654 1352 totam
681 1307 931 1351 stertebat:
969 1305 1034 1350 nil
1060 1305 1146 1350 fuit
1170 1321 1378 1366 unquam

143 1373 225 1419 Sic
249 1373 397 1434 impar
423 1372 526 1418 sibi.
586 1370 733 1417 Nunc
758 1371 923 1431 aliquis
949 1372 1076 1416 dicat
1099 1371 1215 1416 mihi
1234 1371 1446 1420 :—Quid
1469 1372 1555 1418 tu?

141 1438 349 1486 Nullane
375 1439 520 1484 habes
545 1439 656 1484 vitia
674 1436 915 1483 T—Immo
941 1437 1047 1495 alia,
1076 1445 1123 1482 et
1148 1437 1341 1482 fortasse
1366 1438 1564 1484 minora*
1666 1437 1732 1484 20

208 1504 415 1550 Maenius
440 1504 683 1550 absentem
708 1502 916 1549 Novium
941 1519 1086 1563 quum
1111 1512 1350 1564 carperet3
1389 1507 1418 1526 ‘⁶
1437 1503 1574 1550 Heus
1596 1503 1695 1562 tU‚'’

139 1570 355 1621 Quidam
381 1570 491 1629 ait,’'
530 1571 718 1632 ignoras
742 1570 822 1615 te?
860 1585 920 1614 an
946 1579 997 1614 ut
1022 1569 1235 1630 ignotum
1261 1570 1372 1615 dare
1397 1569 1533 1615 nobis

141 1637 299 1683 Verba
322 1646 459 1697 putas
474 1637 522 1681 2³²
597 1640 624 1659 ‘⁶
647 1635 851 1696 Egomet
875 1634 939 1679 mi
965 1635 1175 1696 ignosco,
1181 1636 1206 1655 ’'
1235 1633 1443 1680 Maenius
1467 1635 1632 1696 inquit.

145 1703 328 1749 Stultus
353 1712 399 1748 et
424 1702 662 1763 improbus
687 1702 765 1746 hic
791 1716 919 1746 amor
944 1710 1030 1758 est,
1057 1701 1321 1761 dignusque
1346 1702 1512 1748 notari.

140 1768 308 1818 Quum
332 1778 414 1813 tua
420 1767 680 1841 pervideas
703 1767 853 1813 oculis
878 1766 1001 1812 mala
1025 1767 1178 1827 lippus
1203 1767 1427 1827 inunctis,
1667 1767 1733 1814 25

140 1833 275 1880 Cur
265 1851 313 1880 1n
339 1834 597 1879 amicorum
622 1833 743 1879 vitiis
767 1842 862 1879 tam
889 1833 1044 1878 cernis
1068 1830 1279 1891 acutum,

140 1898 306 1950 Quam
331 1910 412 1945 aut
436 1900 606 1973 aquila,
633 1908 713 1944 aut
737 1915 803 1944 sei
803 1915 929 1960 pens
955 1871 1279 1960 Epidaurius?
1311 1899 1378 1945 At
1400 1899 1502 1946 tibi
1511 1896 1676 1946 contra

143 1965 333 2024 Evenit,
361 1966 599 2026 inquirant
623 1965 734 2010 vitia
757 1973 808 2009 ut
828 1974 910 2009 tua
933 1980 1094 2009 rursus
1119 1974 1165 2009 et
1190 1964 1339 2010 illi.—

142 2030 422 2077 Iracundior
447 2040 518 2076 est
541 2028 712 2092 paulo:
751 2027 910 2076 minus
935 2039 1070 2091 aptus
1095 2030 1247 2076 acutis

142 2096 353 2142 Naribus
378 2098 544 2143 horum
571 2097 828 2142 hominum.
888 2095 1060 2141 Rideri
1083 2096 1244 2157 possit,
1270 2093 1327 2142 eo
1353 2094 1481 2171 quod
1666 2097 1732 2144 30

142 2160 393 2209 Rusticius
417 2172 553 2209 tonso
576 2171 685 2224 toga
709 2161 890 2220 defluit,
915 2170 962 2207 et
986 2160 1108 2207 male
1130 2162 1263 2207 laxus

143 2227 202 2274 In
225 2229 345 2290 pede
370 2229 558 2274 calceus
583 2229 741 2274 haeret.
745 2229 880 2273 -At
903 2237 974 2273 est
999 2229 1167 2286 bonus,
1193 2237 1244 2274 ut
1268 2228 1432 2275 melior
1456 2228 1524 2274 vir

143 2293 256 2341 Non
281 2295 398 2340 alius
421 2295 696 2355 quisquam:
733 2303 779 2340 at
801 2295 885 2340 tibi
911 2294 1119 2340 amicus:
1157 2303 1203 2340 at
1227 2294 1472 2356 ingenium
1496 2284 1665 2357 ingeris

143 2359 332 2406 Inculto
356 2361 468 2406 latet
492 2362 582 2407 hoc
609 2361 695 2406 sub
720 2375 927 2434 corpore
987 2360 1206 2421 Denique
1230 2370 1278 2406 te
1302 2361 1455 2422 ipsum

144 2425 378 2485 Concute,
404 2443 519 2472 num
543 2443 634 2487 qua
658 2427 742 2472 tibi
767 2427 984 2473 vitiorum
1010 2426 1231 2472 inseverit
1254 2426 1367 2472 olim
1666 2426 1732 2474 35

144 2491 343 2549 Natura,
370 2502 449 2538 aut
473 2493 615 2538 etiam
639 2493 934 2538 consuetudo
957 2492 1103 2538 mala:
1141 2508 1345 2553 namque

144 2556 193 2603 N
197 2557 394 2618 eglectis
419 2559 599 2602 urenda
622 2557 720 2602 filix
743 2558 1004 2603 innascitur
1030 2557 1167 2619 agris,
1182 2588 1198 2598 κ

211 2621 335 2667 Illuc
361 2631 709 2682 praevertamur‚
736 2632 992 2669 amatorem
1016 2621 1144 2683 quod
1169 2623 1334 2668 amicae

146 2687 330 2749 Turpia
355 2687 599 2747 decipiunt
623 2703 804 2732 caecum
830 2689 956 2745 vitia,
982 2697 1063 2733 aut
1086 2688 1228 2732 etiam
1254 2688 1355 2749 ipsa
1378 2687 1483 2736 haec

146 2753 426 2808 Delectant3
454 2752 605 2798 veluti
630 2752 882 2797 Balbinum
908 2754 1106 2814 polypus
1131 2752 1331 2815 Hagnae.
1663 2753 1731 2802 40

145 2819 331 2865 Vellem
355 2818 403 2864 in
429 2818 636 2864 amicitia
661 2818 728 2863 sic
753 2834 1032 2877 erraremus,
1057 2827 1104 2864 et
1128 2819 1204 2865 isti

147 2883 307 2931 Errori
330 2900 506 2931 nomen
531 2885 676 2930 virtus
699 2885 931 2945 posuisset
954 2885 1219 2932 honestum.

147 2950 230 3008 At,
255 2959 386 3012 pater
412 2959 462 2996 ut
485 2951 631 3024 gnati,
657 2950 726 2995 sic
751 2967 836 2996 nos
862 2951 1088 2996 debemus
1112 2951 1269 3010 amici,

147 3015 200 3062 Si
225 3017 351 3077 quod
377 3016 436 3061 sit
462 3017 641 3074 vitium,
666 3031 761 3062 non
788 3016 1009 3062 fastidire.
1070 3017 1354 3064 Strabonem

146 3081 370 3144 Appellat
392 3090 565 3144 paetum
588 3090 750 3143 pater3
788 3091 834 3128 et
857 3082 1055 3144 pullum,
1082 3081 1204 3130 male
1229 3098 1400 3146 parvus
1662 3081 1729 3130 45

147 3145 203 3194 Si
224 3148 305 3195 cui
328 3147 451 3194 filius
474 3155 560 3206 est,
585 3156 638 3194 ut
660 3148 897 3195 abortivus
921 3148 1008 3195 fuit
1029 3148 1142 3195 olim
