1841 3349
148 146 243 194 158
678 143 728 190 Q.
759 143 1002 183 HORA'rn
1032 142 1238 182 FLAccr
1268 123 1277 136 ⁸

207 262 411 322 Coelum,
435 278 531 309 non
555 263 783 321 animum,
808 272 1007 321 mutant,
1030 261 1111 323 qui
1134 270 1263 308 trans
1286 274 1415 306 mare
1436 269 1649 308 currunt.

207 328 412 375 Strenua
435 345 520 374 nos
540 338 729 375 exercet
752 329 921 375 inertia
942 345 951 374 :
988 328 1185 374 navibus
1204 335 1342 387 atque

205 393 466 455 Quadrigis
489 394 691 455 petimus
716 395 836 440 bene
861 394 1027 439 vivere.
1096 392 1242 442 Quod
1266 391 1402 453 petiS,
1428 389 1508 437 hic
1530 399 1617 450 est,

207 458 296 506 Est
320 459 526 518 Ulubris,
551 460 736 506 animus
760 461 798 505 si
822 469 868 505 te
887 475 984 506 non
1008 458 1168 504 deficit
1192 472 1366 518 aequus,
1719 456 1782 502 30

721 717 1059 765 EPISTOLA
1083 716 1201 763 XII.

814 833 880 863 AD
913 831 1103 863 ICCIUM.

206 919 495 966 Fauc'rmus
520 918 743 979 Agrippae
765 916 956 973 Siculis,
982 931 1097 975 quos
1120 914 1318 976 colligis,
1343 915 1462 974 Icci,

205 985 259 1031 Si
283 982 412 1031 recte
435 984 615 1041 frueris,
641 999 736 1028 non
761 991 832 1027 est
855 991 907 1026 ut
931 981 1065 1041 copia
1087 979 1233 1040 major

205 1051 284 1097 Ab
308 1051 423 1097 Jove
449 1048 614 1096 donari
638 1048 784 1109 possit
807 1047 918 1092 tibi:
955 1046 1063 1092 tolle
1087 1045 1327 1106 querelas3

203 1116 388 1178 Pauper
412 1115 539 1161 enim
563 1130 657 1160 non
683 1124 769 1172 est,
795 1112 872 1158 cui
896 1128 1051 1158 rerum
1077 1111 1280 1172 suppetit
1305 1126 1433 1156 usus.

204 1181 256 1228 Si
281 1181 432 1228 ventri
452 1181 588 1238 bene,
614 1180 651 1225 si
675 1178 808 1225 lateri
833 1188 902 1224 est
924 1177 1216 1239 pedibusque
1240 1176 1349 1235 tuis,
1374 1176 1439 1222 nil
1746 1177 1780 1224 5

204 1247 390 1294 Divitiae
414 1255 634 1308 poterunt
656 1245 837 1306 regales
861 1244 1032 1289 addere
1056 1242 1220 1303 majus.

205 1312 257 1361 Si
281 1310 397 1359 forte
419 1313 467 1358 in
492 1311 647 1357 medio
669 1311 924 1371 positorum
951 1308 1204 1354 abstemius
1228 1306 1387 1353 herbis

202 1379 333 1425 Vivis
357 1387 403 1423 et
426 1377 593 1434 urtica,
618 1377 686 1422 sic
705 1375 830 1420 vives
852 1375 1078 1435 protinus,
1104 1382 1154 1418 ut
1177 1381 1223 1418 te

203 1442 465 1491 Confestim
485 1442 687 1502 liquidus
712 1440 933 1487 Fortunae
959 1440 1083 1485 rivus
1107 1438 1318 1483 inauret:

202 1510 291 1556 Vel
314 1509 427 1570 quia
449 1517 663 1554 naturam
688 1515 869 1552 mutare
892 1504 1096 1566 pecunia
1120 1502 1272 1549 nescit
1291 1520 1303 1559 ;
1720 1503 1780 1550 10

202 1575 290 1622 Vel
316 1575 425 1636 quia
448 1582 624 1619 cuncta
646 1581 781 1634 putas
805 1571 900 1617 una
925 1571 1093 1616 virtute
1117 1569 1311 1614 minora.

202 1640 431 1687 Miramur
456 1640 494 1685 si
518 1638 777 1685 Democriti
802 1652 948 1698 pecus
973 1635 1071 1682 edit
1094 1634 1269 1696 agellos

202 1705 452 1766 Cultaque,
476 1705 589 1750 dum
613 1700 808 1765 peregre
834 1711 904 1748 est
928 1702 1112 1747 animus
1136 1700 1236 1745 sine
1261 1713 1454 1759 corpore
1471 1699 1629 1756 velox;

199 1770 368 1823 Quum
392 1780 459 1828 tu,
485 1771 605 1816 inter
630 1769 839 1814 scabiem
858 1776 1034 1813 tantam
1059 1776 1106 1812 et
1129 1765 1347 1826 contagia
1364 1763 1498 1822 lucri,

201 1837 284 1884 Nil
308 1852 501 1898 parvum
526 1835 694 1896 sapiaS‚
718 1843 765 1880 et
788 1834 944 1879 adhuc
963 1831 1183 1877 sublimia
1207 1845 1358 1887 cureS,
1715 1830 1774 1876 15

200 1902 326 1954 Quae
351 1918 478 1948 mare
502 1909 805 1962 compescant
828 1914 1000 1956 causae,
1021 1898 1131 1958 quid
1156 1904 1384 1957 temperet
1407 1910 1612 1952 annum3

202 1969 361 2015 Stellae
388 1976 552 2029 sponte
577 1967 663 2012 sua
683 1966 888 2027 jussaene
914 1973 1140 2025 vagentur
1165 1971 1210 2008 et
1234 1969 1390 2007 errent
1404 1977 1416 2016 ;

199 2034 334 2086 Quid
357 2042 540 2094 premat
556 2033 808 2078 obscurum
833 2031 974 2087 lunae,
1000 2029 1110 2089 quid
1134 2027 1351 2089 proferat,
1375 2026 1564 2082 orbem;

199 2099 334 2150 Quid
360 2099 467 2143 velit
491 2108 537 2144 et
560 2097 704 2158 possit
714 2112 877 2141 rerum
902 2095 1155 2141 concordia
1179 2094 1384 2147 discors3

201 2163 529 2225 Empedocles,
555 2179 614 2208 an
641 2162 918 2207 Stertinium
942 2160 1108 2205 deliret
1131 2158 1363 2204 acumen?
1710 2155 1777 2202 20

265 2227 462 2286 Verum,
488 2243 570 2273 seu
593 2228 765 2287 pisces,
789 2241 871 2271 seu
894 2240 1083 2286 porrum
1108 2233 1156 2269 et
1178 2239 1307 2282 caepe
1331 2221 1557 2279 trucidas,

201 2294 343 2342 Utere
367 2293 592 2353 Pompeio
614 2291 829 2351 Grospho
850 2306 859 2345 ;
897 2299 959 2345 et,
985 2290 1022 2333 si
1047 2288 1158 2348 quid
1182 2297 1324 2348 petet,
1345 2287 1465 2332 ultro

200 2359 371 2406 Defer:
408 2358 473 2404 nil
497 2357 740 2418 Grosphus
763 2355 853 2400 nisi
878 2369 1036 2400 verum
1060 2353 1210 2398 orabit
1233 2361 1280 2397 et
1304 2365 1501 2411 aequum.

205 2425 321 2471 Vilis
345 2423 602 2470 amicorum
626 2432 697 2468 est
721 2436 922 2476 annona,
949 2419 1083 2464 bonis
1107 2418 1186 2462 ubi
1211 2416 1320 2477 quid
1346 2417 1492 2462 deest.

265 2489 343 2536 Ne
363 2498 521 2535 tamen
548 2489 735 2550 ignores
759 2501 850 2546 quo
874 2485 932 2531 sit
956 2484 1178 2530 Romana
1199 2483 1303 2528 loco
1326 2497 1400 2528 res
1423 2497 1433 2526 :
1707 2479 1774 2527 25

200 2555 437 2604 Cantaber
462 2553 702 2615 Agrippae‚
724 2551 895 2598 Claudi
920 2550 1087 2595 virtute
1112 2547 1317 2594 Neronis

205 2621 458 2668 Armenius
484 2619 681 2665 cecidit:
713 2619 790 2680 jus
815 2616 1154 2677 imperiumque
1179 2613 1405 2659 Phraates

201 2684 402 2733 Caesaris
426 2685 609 2746 accepit
631 2683 832 2746 genibus
855 2681 1008 2727 minor
1030 2697 1039 2725 :
1076 2695 1219 2726 aurea
1241 2678 1398 2740 fruges

202 2748 352 2796 Italiae
376 2751 517 2812 pleno
540 2749 727 2797 diffudit
750 2748 901 2810 Copia
923 2760 1084 2794 cornu.
