1841 3349
638 160 693 208 Q.
723 161 968 202 HORATII
998 161 1206 202 FLACCI

630 279 734 327 Nos
756 282 1056 329 cantabimus
1079 281 1285 328 invicem

361 344 658 409 Neptunum,
675 356 723 392 et
747 348 918 394 virides
943 347 1208 394 Nereidum
1235 361 1424 393 comas:

625 411 708 457 Tu
732 414 876 458 curva
900 414 1087 459 recines
1111 413 1212 474 lyra

359 477 611 536 Latonam,
637 486 684 523 et
708 479 876 525 celeris
901 479 1082 540 spicula
1103 478 1352 539 Cynthiae:

629 544 827 590 Summo
852 545 1082 601 carmine,
1109 558 1212 604 quae
1238 544 1430 589 Cnidon

363 609 716 671 Fulgentesque
742 618 873 655 tenet
898 610 1149 670 Cycladas,
1175 618 1222 655 et
1246 609 1442 670 Paphon

628 673 819 720 Junctis
844 676 950 721 visit
973 670 1182 721 oloribus
1201 691 1211 721 z

362 741 562 788 Dicetur
586 743 756 786 merita
781 740 891 788 Nox
915 757 1098 802 quoque
1118 740 1288 787 naenia.

747 1000 887 1047 ODE
923 1000 1121 1050 XXIII.

696 1117 762 1147 AD
799 1115 1146 1147 MAECENATEM.

366 1201 660 1248 TYRRHENA
697 1216 863 1262 regum
888 1200 1156 1261 progenies,
1181 1199 1267 1246 tibi

367 1267 479 1314 Non
507 1265 616 1313 ante
642 1283 775 1312 verso
800 1267 906 1312 lene
933 1282 1114 1312 merum
1139 1267 1259 1312 cado

434 1333 559 1380 Cum
586 1332 714 1390 flore,
741 1332 1001 1389 Maeoenas,
1027 1348 1255 1390 rosarum,
1281 1339 1329 1378 et

500 1398 670 1444 Pressa
695 1398 787 1444 tuis
812 1397 1010 1442 balanus
1035 1399 1216 1459 capillis

368 1464 661 1512 Jamdudum
690 1464 813 1525 apud
841 1480 915 1508 me
941 1472 1024 1509 est.
1097 1463 1241 1525 Eripe
1266 1472 1312 1511 te
1338 1479 1507 1511 morae:

371 1530 451 1577 Ne
477 1546 661 1590 semper
687 1531 835 1574 udum
860 1528 1016 1574 Tibur
1041 1538 1087 1574 et
1113 1529 1294 1574 AEsulae

434 1595 634 1642 Declive
659 1594 992 1655 contempleris
1017 1610 1196 1652 arvum,
1221 1602 1269 1640 et

502 1661 738 1722 Telegoni
760 1660 876 1721 juga
898 1660 1160 1721 parricidae.

370 1727 687 1773 Fastidiosam
713 1727 877 1771 desere
903 1726 1106 1786 copiam,
1132 1734 1179 1771 et

372 1792 551 1839 Molem
578 1791 885 1852 propinquam
910 1791 1116 1836 nubibus
1141 1791 1328 1836 arduis:

437 1857 620 1904 Omitte
645 1857 804 1902 mirari
829 1857 977 1901 beatae

506 1922 714 1968 Fumum
738 1932 786 1967 et
808 1938 920 1982 opes
945 1922 1282 1983 strepitumque
1307 1921 1492 1968 Romae.

373 1987 660 2049 Plerumque
685 1996 830 2049 gratae
855 1987 1077 2033 divitibus
1101 1987 1230 2033 vices
1250 2003 1261 2043 ;

373 2054 666 2114 Mundaeque
691 2068 832 2114 parvo
856 2053 943 2098 sub
967 2053 1062 2098 lare
1087 2068 1349 2114 pauperum

441 2120 623 2176 Coenae‚
649 2119 751 2163 sine
777 2118 938 2163 aulaeis
963 2127 1010 2163 et
1033 2127 1174 2175 ostro,

509 2184 768 2230 Sollicitam
796 2182 1067 2244 explicuere
1094 2183 1308 2229 frontem.

375 2250 405 2298 J
410 2266 485 2297 am
509 2250 665 2296 clarus
688 2249 928 2295 occultum
949 2249 1281 2296 Andromedes
1299 2257 1431 2310 pater

374 2317 603 2364 Ostendit
627 2316 785 2377 ignem
807 2332 816 2361 2
850 2316 946 2376 jam
974 2315 1189 2376 Procyon
1215 2315 1343 2373 furit,

441 2382 504 2428 Et
528 2382 661 2427 stella
686 2381 849 2426 vesani
875 2381 1067 2438 Leonis,

511 2447 622 2493 Sole
648 2447 749 2492 dies
773 2446 1005 2492 referente
1031 2446 1197 2491 siccos.

376 2513 406 2560 J
411 2529 486 2560 am
510 2523 665 2575 pastor
692 2512 881 2557 umbras
906 2528 1014 2557 cum
1041 2527 1183 2573 grege
1209 2509 1435 2572 languido

376 2580 648 2640 Rivumque
676 2579 826 2624 sessus
849 2579 1029 2638 quaerit,
1055 2588 1102 2623 et
1128 2577 1302 2623 horridi

443 2646 651 2692 Dumeta
679 2644 887 2699 Silvani3
925 2654 1146 2704 caretque

511 2711 639 2771 Ripa
664 2711 792 2771 vagis
817 2710 1052 2755 taciturna
1078 2709 1241 2754 ventis.

377 2776 458 2822 Tu
483 2777 721 2822 civitatem
748 2776 851 2835 quis
877 2776 1043 2820 deceat
1069 2783 1215 2818 status

378 2841 545 2899 Curiis,
572 2851 617 2887 et
645 2842 757 2887 Urbi
778 2842 1004 2887 sollicitus
1023 2840 1160 2884 times

442 2907 577 2955 Quid
606 2908 746 2952 Seres
771 2917 817 2952 et
842 2915 1036 2967 regnata
1061 2905 1187 2964 Cyro

514 2972 683 3017 Bactra
709 2982 890 3032 parent,
917 2971 1192 3029 Tanaisque
1218 2969 1413 3016 discors.

385 3037 600 3084 Prudens
627 3038 765 3082 futuri
793 3036 1014 3096 temporis
1038 3035 1216 3080 exitum

384 3103 659 3165 Caliginosa
683 3111 821 3148 nocte
846 3101 1015 3163 premit
1039 3101 1170 3146 Deus
1187 3136 1199 3157 ,

1686 347 1747 395 10

1693 674 1752 722 15

1699 1792 1752 1841 10

1701 2118 1760 2165 15

1697 2445 1762 2493 20

1703 3097 1768 3144 30
