1841 3349
507 214 918 259 EPISTOLARUM
949 220 1057 259 LIB.
1090 220 1123 259 Ι.
1155 224 1192 260 1.

96 337 250 400 AEque
277 338 545 399 neglectum
569 338 725 399 pueris
750 339 1032 399 senibusque
1057 340 1260 386 nocebit.

111 405 263 451 {estat
288 414 337 449 ut
362 405 432 449 his
457 420 544 465 ego
564 419 638 449 me
664 404 761 464 ipse
787 420 945 466 regam
971 405 1182 465 solerque
1202 405 1474 452 elementis:

90 470 202 516 Non
229 471 376 531 possis
400 470 537 515 oculo
560 467 787 529 quantum
815 471 1101 516 contendere
1129 470 1365 531 Lynceus,

90 535 202 581 Nou
229 546 384 581 tamen
410 536 586 580 idcirco
611 541 886 581 contemnas
911 536 1072 596 lippus
1090 536 1282 597 inungi3

90 600 214 657 Nec,
240 601 348 660 quia
373 601 591 661 desperes
617 601 776 647 invicti
802 603 1011 647 membra
1035 602 1277 662 GlyconiS,

91 666 287 712 Nodosa
312 682 480 726 corpus
506 667 624 712 nolis
649 668 895 728 prohibere
922 668 1164 728 cheragra.

90 731 175 777 Est
199 733 403 792 quadam
429 733 612 792 prodire
636 742 789 790 tenus,
816 734 852 778 si
878 749 972 778 non
999 734 1133 778 datur
1158 732 1293 780 ultra.

91 798 258 844 Fervet
281 799 472 843 avaritia
498 799 760 858 miseroque
786 799 1007 858 cupidine
1032 800 1230 859 pectus?

91 865 213 909 Sunt
238 865 376 909 verba
401 874 448 908 et
473 880 610 909 voces
628 865 803 924 >quibus
829 865 955 909 hunc
980 865 1126 909 lenire
1152 865 1358 910 dolorem

91 930 265 987 Possis,
292 940 338 975 et
362 945 581 990 magnam
610 931 756 974 morbi
782 931 1017 990 deponere
1044 940 1235 991 partem.

89 995 269 1041 Laudis
296 1011 452 1040 amore
478 997 663 1040 tumes?
701 1011 809 1040 sunt
829 1006 957 1041 certa
980 996 1166 1056 piacula
1190 1012 1293 1057 quae
1320 1006 1364 1043 te

89 1062 189 1107 Ter
214 1060 328 1122 pure
357 1061 477 1106 lecto
502 1071 720 1121 poterunt
744 1077 956 1106 recreare
981 1062 1153 1108 libello.

88 1127 301 1184 Invidus,
329 1127 597 1182 iracundus,
625 1127 765 1184 iners,
792 1128 996 1184 vinosus,
1023 1137 1216 1186 amator,

88 1193 245 1239 Nemo
271 1190 388 1238 adeo
416 1192 539 1237 ferus
563 1201 632 1237 est
659 1203 708 1238 ut
733 1209 826 1238 non
854 1193 1101 1239 mitescere
1127 1194 1288 1254 possit,

90 1261 142 1305 Si
169 1257 307 1304 modo
335 1259 529 1303 culturae
556 1259 810 1318 patientem
837 1260 1104 1305 commodet
1128 1276 1304 1305 aurem.

154 1324 316 1370 Virtus
340 1333 411 1369 es‘t
435 1324 594 1369 vitium
623 1324 811 1385 fugere3
849 1335 895 1370 et
920 1325 1151 1385 sapientia
1173 1326 1323 1386 prima

88 1391 297 1437 Stultitia
323 1389 543 1434 caruisse.
615 1390 779 1447 Vides,
805 1406 907 1450 quae
932 1391 1134 1435 maxima
1161 1392 1314 1437 credis

87 1457 206 1502 Esse
233 1456 368 1512 mala,
394 1456 618 1517 exiguum
643 1472 857 1514 censum,
884 1465 1160 1517 turpemque
1185 1458 1436 1519 repulsam,

85 1523 283 1572 Quanto
308 1523 484 1567 devites
510 1522 666 1567 animo
691 1523 948 1583 capitisque
973 1523 1158 1568 labore:

86 1588 294 1649 Impiger
319 1598 551 1634 extremos
577 1588 725 1633 curris
752 1599 981 1634 mercator
1007 1589 1070 1633 ad
1093 1588 1255 1647 Indos,

86 1653 178 1700 Per
204 1670 330 1699 mare
355 1654 625 1715 pauperiem
649 1654 849 1715 fugiens,
873 1670 956 1727 per
982 1670 1109 1712 saxa,
1134 1671 1217 1715 per
1242 1655 1403 1717 ignes:

86 1718 165 1766 Ne
184 1735 327 1766 cures
351 1736 405 1765 ea
430 1735 532 1779 quae
558 1697 725 1765 stulte‘³
726 1720 908 1765 miraris
932 1729 978 1765 et
1001 1730 1149 1781 optas,

86 1784 282 1831 Discere
307 1795 353 1830 et
378 1786 556 1843 audire,
582 1795 628 1830 et
652 1786 834 1832 meliori
859 1787 1051 1831 credere
1080 1802 1174 1832 non
1199 1786 1300 1833 vis?

83 1852 212 1903 Quis
237 1853 417 1897 circum
442 1867 586 1912 pagos
610 1859 656 1897 et
680 1852 861 1897 circum
887 1853 1091 1912 compita
1114 1868 1310 1914 pugnax

87 1916 267 1978 Magna
291 1918 503 1963 coronari
529 1926 801 1963 contemnat
824 1917 1062 1978 Olympia,
1084 1918 1161 1963 cui
1187 1935 1307 1980 spes,

85 1983 178 2029 Cui
204 1984 262 2028 sit
288 1983 496 2028 conditio
523 1976 674 2028 dulcis
699 1984 800 2033 sine
824 1983 1013 2043 pubere
1033 1983 1232 2044 palmae?

154 2049 308 2094 Vilius
334 2057 579 2109 argentum
605 2058 674 2094 est
699 2065 828 2106 auro,
856 2048 1101 2094 virtutibus
1126 2065 1306 2095 aurum.

86 2116 115 2136 “
137 2114 183 2160 O
208 2115 348 2171 cives,
376 2114 516 2171 cives,
542 2115 795 2174 quaerenda
818 2115 1023 2175 pecunia
1046 2113 1250 2176 primum
1275 2125 1362 2175 est,

84 2179 249 2225 Virtus
274 2189 376 2240 post
400 2181 663 2226 nummos’'
737 2180 857 2225 Haec
883 2180 1033 2226 Janus
1058 2196 1270 2227 summus
1295 2182 1354 2228 ab
1379 2182 1472 2230 imo

85 2244 343 2291 Prodocet:
383 2246 483 2290 haec
510 2246 727 2292 recinunt
747 2246 944 2308 juvenes
970 2247 1145 2292 dictata
1171 2264 1417 2310 senesque,

84 2310 225 2357 Laevo
250 2312 464 2372 suspensi
489 2311 668 2358 loculos
692 2313 992 2372 tabulamque
1018 2313 1206 2360 lacerto.

84 2378 137 2422 Si
162 2377 518 2438 quadringentis
543 2394 622 2423 sex
648 2387 826 2440 septem
852 2379 999 2424 millia
1022 2379 1210 2438 desunt,

84 2442 171 2488 Est
195 2443 380 2488 animus
405 2443 505 2500 tibi,
532 2454 642 2490 sunt
665 2461 834 2502 moreS,
861 2454 907 2490 et
931 2444 1108 2504 lingua,
1133 2445 1369 2507 fidesque3

82 2507 222 2552 Plebs
242 2508 352 2552 eris.
423 2509 490 2553 At
513 2509 645 2568 pueri
671 2510 905 2567 ludentes,
923 2514 951 2533 “
975 2487 1084 2556 Rex
1107 2512 1229 2576 eriS‚'
1236 2512 1421 2572 'aiunt,

84 2576 114 2596 “
138 2574 190 2618 Si
214 2570 342 2617 recte
371 2573 528 2617 facies.
536 2575 560 2593 ‘²
633 2574 728 2619 Hic
753 2591 915 2619 murus
940 2578 1120 2621 aeneus
1144 2586 1260 2634 esto,

83 2634 165 2684 Nil
192 2638 405 2683 conscire
430 2638 534 2694 sibi,
560 2638 690 2684 nulla
713 2640 969 2699 pallescere
994 2642 1150 2701 culpa.

84 2703 280 2760 Roscia,
306 2704 382 2748 dic
409 2704 561 2761 sodeS‚
589 2704 749 2749 melior
774 2705 865 2762 lex,
892 2721 950 2750 an
976 2719 1226 2765 puerorum
1251 2715 1323 2754 est

84 2768 132 2815 N
138 2769 271 2826 aenia,
297 2784 400 2829 quae
425 2785 624 2830 regnum
649 2767 777 2815 recte
805 2770 1085 2816 facientibus
1107 2771 1258 2832 offert,

85 2833 148 2880 Et
174 2835 380 2880 maribus
405 2834 563 2881 Curiis
587 2845 633 2881 et
657 2834 907 2882 decantata
931 2836 1176 2884 Camillis?

87 2898 200 2946 Isne
224 2899 308 2944 tibi
333 2899 503 2946 melius
528 2902 708 2960 suadet,
733 2902 828 2963 qui,
853 2918 950 2947 rem
978 2903 1148 2960 facias3
1185 2919 1302 2963 rem,

84 2965 137 3011 Si
163 2966 327 3044 possis,
353 2963 510 3022 recte3
548 2967 584 3012 si
610 2983 723 3025 non,
747 2983 1028 3028 quocunque
1053 2970 1191 3016 modo
1215 2985 1345 3015 rem·
1332 3004 1356 3028 ,ψ

83 3029 148 3077 Ut
169 3029 360 3104 propius
385 3042 568 3091 spectes
593 3032 852 3097 lacrymosa
875 3036 1095 3095 poemata
1119 3034 1269 3097 Pupi:

85 3096 166 3142 An
189 3096 269 3156 qui
295 3096 490 3142 fortunae
514 3107 560 3143 te
584 3113 858 3160 responsare
882 3101 1094 3162 superbae

83 3159 308 3209 Liberum
333 3171 381 3208 et
403 3172 616 3275 effictum
637 3180 846 3227 praesens
869 3166 1078 3213 hortatur
1100 3173 1149 3213 et
1171 3164 1329 3228 aptat?

1580 210 1678 270 14⁵²

1609 602 1674 649 30

1614 1261 1676 1308 40

1606 2250 1670 2297 55
