1841 3349
551 188 883 230 CARMINUM
913 189 1022 229 LIB.
1055 189 1133 229 IV.

339 310 573 370 Auguste,
598 308 792 353 virtutes
816 307 864 352 in
890 323 1040 352 aevum

401 374 492 419 Per
514 373 674 419 titulos
700 388 1023 432 memoresque
1049 372 1190 418 fastos

273 439 528 488 AEternet'!
563 455 607 496 o,
634 439 727 498 qua
752 438 818 483 sol
846 437 1123 482 habitabiles

274 505 484 551 Illustrat
506 520 627 561 oras,
655 504 857 548 maxime
883 503 1166 564 principum,

338 570 501 620 Quem
525 570 643 630 legis
666 578 884 629 expertes
909 568 1092 614 Latinae

405 635 648 681 Vindelici
672 633 883 679 didicere
908 650 1058 695 nuper

272 701 408 750 Quid
434 700 588 745 Marte
613 716 788 761 posses.
865 699 1018 745 Milite
1043 714 1153 744 nam
1178 708 1259 745 tuo

274 766 458 812 Drusus
482 766 756 823 Genaunes,
782 765 1088 825 implacidum
1112 779 1280 825 genus,

340 832 647 890 Breunosque
675 831 875 887 veloces,
901 840 948 875 et
972 844 1104 874 arces

407 897 609 958 Alpibus
635 896 873 956 impositas
897 895 1172 953 tremendis,

276 962 465 1023 Dejecit
490 977 598 1007 acer
622 959 730 1022 plus
756 962 856 1006 vice
883 961 1098 1021 simplici.

279 1028 432 1088 Major
458 1027 707 1072 Neronum
732 1043 840 1071 mox
865 1042 1005 1087 grave
1030 1025 1247 1086 proelium

342 1093 607 1148 Commisit,
634 1092 957 1152 immanesque
983 1092 1181 1137 Rhaetos

343 1176 355 1179 ⁴
411 1158 651 1218 Auspiciis
676 1158 854 1218 pepulit
879 1157 1103 1202 secundis
1125 1173 1133 1202 :

277 1224 591 1286 Spectandus,
613 1223 660 1267 in
686 1223 944 1268 certamine
970 1222 1160 1281 Martio,

277 1291 458 1336 Devota
481 1289 619 1334 morti
643 1299 833 1348 pectora
856 1289 1015 1333 liberae

341 1355 552 1405 Quantis
577 1354 792 1415 fatigaret
815 1354 980 1410 ruinis,

409 1420 670 1466 Indomitas
693 1417 841 1480 prope
867 1419 1017 1480 qualis
1042 1418 1193 1465 undas

276 1487 480 1533 Exercet
504 1486 695 1543 Auster,
722 1485 968 1531 Pleiadum
994 1485 1139 1530 choro

278 1553 539 1599 Scindente
564 1552 731 1609 nubes,
758 1551 956 1612 impiger
982 1550 1187 1596 hostium

343 1619 530 1664 Vexare
555 1627 749 1674 turmas,
775 1626 822 1662 et
847 1617 1125 1661 frementem
1181 1664 1184 1666 ,

408 1682 597 1728 Mittere
622 1698 795 1743 equum
819 1683 1000 1727 medios
1023 1698 1106 1742 per
1130 1681 1278 1742 ignes.

280 1749 364 1795 Sic
388 1749 672 1794 tauriformis
697 1748 892 1793 volvitur
919 1747 1142 1805 Aufidus,

276 1815 379 1865 Qui
414 1831 561 1876 regna
586 1814 742 1859 Dauni
769 1812 968 1874 praefluit
992 1812 1187 1874 Appuli,

341 1880 509 1930 Quum
534 1881 679 1936 saevit,
706 1881 1081 1939 horrendamque
1106 1879 1243 1924 cultis

410 1945 646 1990 Diluviem
673 1946 924 1990 meditatur
950 1945 1099 2005 agris;

278 2011 341 2057 Ut
367 2011 664 2056 barbarorum
691 2010 921 2055 Claudius
946 2009 1138 2070 agmina

279 2077 473 2122 Ferrata
497 2085 626 2121 vasto
651 2076 792 2121 diruit
817 2076 1011 2136 impetU,

344 2142 618 2202 Primosque
643 2151 689 2186 et
712 2151 945 2187 extremos
968 2141 1206 2198 metendo,

411 2209 582 2254 Stravit
608 2208 819 2265 humum,
845 2207 946 2252 sine
971 2206 1106 2251 clade
1130 2207 1293 2266 victor,

280 2273 353 2319 Te
382 2275 556 2336 copiaS,
582 2282 628 2319 te
655 2274 920 2339 copsilium,
946 2281 991 2318 et
1012 2282 1116 2318 tuos

280 2339 527 2386 Praebente
553 2340 710 2385 divos:
748 2355 875 2396 nam,
900 2339 984 2384 tibi
1008 2354 1100 2398 quo
1124 2337 1200 2383 die

345 2406 514 2452 Portus
540 2405 843 2451 Alexandrea
867 2404 1063 2465 supplex

411 2470 473 2516 Et
498 2487 693 2516 vacuam
718 2471 940 2531 patefecit
964 2469 1137 2527 aulam,

283 2536 495 2581 Fortuna
517 2536 664 2581 lustro
688 2552 910 2598 prospera
932 2536 1071 2581 tertio

282 2601 400 2647 Belli
420 2602 655 2646 secundos
678 2602 882 2646 reddidit
906 2601 1075 2657 exitus,

348 2666 656 2725 Laudemque
676 2674 722 2710 et
745 2674 954 2725 optatum
980 2664 1182 2725 peractis

413 2730 630 2791 Imperiis
655 2731 800 2775 decus
827 2729 1070 2790 arrogavit.

203 2842 208 2844 ,
282 2796 358 2843 Te
383 2796 620 2843 Cantaber
639 2812 735 2842 non
761 2793 870 2840 ante
892 2794 1154 2853 domabilis,

284 2862 564 2923 Medusque,
589 2873 636 2908 et
660 2861 824 2919 Indus,
850 2870 895 2906 te
930 2861 1154 2923 profugus
1179 2860 1381 2922 Scythoe

350 2927 565 2986 Miratur,
590 2945 618 2975 o
642 2927 787 2973 tutela
810 2942 1016 2988 praesens

414 2993 563 3039 Italiae
588 2994 883 3053 dominaeque
908 2992 1107 3040 Romae:

286 3059 379 3118 Te,
405 3059 604 3105 fontium
627 3059 708 3121 qui
733 3060 856 3105 celat
878 3059 1103 3120 origineS,

284 3125 535 3187 Nilusque,
558 3134 607 3172 et
629 3125 764 3186 Ister,
789 3140 836 3172 te
858 3126 1051 3188 rapidus
1075 3123 1255 3186 Tigris,

1606 761 1667 809 10

1606 1089 1667 1136 15

1601 1415 1668 1463 20
