1841 3349
686 172 920 214 EPODON
950 177 1139 216 LIBER.

609 289 720 336 Dux
745 292 878 352 fugit,
904 294 1020 339 ustis
1045 296 1258 355 navibus,

347 350 562 400 Minatus
584 356 688 400 urbi
714 357 882 415 vincla,
909 374 1012 418 quae
1038 360 1303 409 detraxerat

610 421 768 466 Servis
793 424 974 468 amicus
993 425 1217 485 perfidis?

334 480 612 543 .RomanuS,
639 487 762 531 eheu
781 488 788 532 !
831 487 1025 549 (posteri
1044 492 1279 551 negabitis
1295 493 1330 557 !)

612 548 953 613 Emancipatus
979 555 1200 616 foeminae,

343 611 457 660 Fert
480 616 654 661 vallum
678 627 725 663 et
749 634 878 664 arma
902 620 1052 679 mileS‚
1079 632 1126 668 et
1150 625 1438 684 spadonibus

606 683 790 728 Servire
815 686 997 745 rugosis
1021 696 1202 747 potest;

348 742 574 806 Interque
601 749 737 808 signa
761 758 896 810 turpe
919 752 1136 798 militaria

604 813 683 858 Sol
710 813 912 876 adspicit
935 819 1203 879 conopium.

338 874 418 920 Ad
445 875 534 922 hoc
555 877 809 925 flementes
834 891 1073 929 verterunt
1099 885 1167 929 bis
1192 885 1319 933 mille
1344 902 1488 950 equos

602 943 744 1002 Galli,
771 956 998 995 canentes
1024 948 1291 1009 Caesarem3

337 1005 685 1069 Hostiliumque
711 1012 900 1056 navium
925 1023 1061 1073 portu
1079 1015 1233 1067 ⁵latent

600 1074 787 1137 Puppes
814 1077 1134 1126 sinistrorsnm
1159 1083 1281 1131 citae.

335 1136 390 1183 Io
413 1137 678 1201 Triumphe
698 1142 705 1186 !
745 1152 795 1187 tu
821 1145 1014 1190 moraris
1038 1162 1204 1193 aureos

598 1205 794 1265 Currus,
820 1218 866 1254 et
890 1210 1091 1257 intactas
1117 1213 1285 1261 boves:

333 1266 387 1314 Io
412 1267 705 1332 Triumphe!
744 1289 835 1318 nec
860 1273 889 1318 J
894 1278 1148 1335 ugurthino
1171 1296 1332 1340 parem

596 1337 727 1384 Bello
751 1342 1000 1400 reportasti
1025 1343 1224 1401 ducem;

330 1397 500 1461 Neque
525 1402 770 1463 Africano,
797 1406 874 1451 cui
900 1423 1038 1468 super
1066 1409 1406 1473 Carthaginem

592 1468 755 1515 Virtus
779 1473 1047 1532 sepulcrum
1072 1478 1299 1525 condidit.

328 1529 483 1578 Terra
507 1534 718 1595 marique
744 1537 893 1583 victus
918 1539 1064 1586 hostis
1089 1541 1274 1591 Punico

589 1599 813 1662 Lugubre
839 1606 1036 1651 mutavit
1060 1623 1252 1669 sagum;

327 1662 428 1708 Aut
451 1662 528 1710 ille
553 1676 746 1712 centum
771 1669 976 1716 nobilem
1005 1672 1196 1720 Cretam
1222 1677 1433 1738 urbibus,

590 1731 759 1778 Ventis
783 1735 933 1781 iturus
958 1753 1053 1783 non
1079 1740 1192 1798 suiS‚

324 1792 620 1843 Exercitatas
644 1808 724 1845 aut
748 1801 864 1860 petit
890 1802 1051 1862 Syrtes
1076 1804 1205 1853 Noto
1223 1824 1234 1864 3

588 1864 687 1910 Aut
713 1865 857 1912 fertur
882 1868 1064 1916 incerto
1089 1873 1220 1919 mari.

326 1924 613 1987 Capaciores
638 1930 751 1975 affer
777 1933 885 1990 huc,
911 1950 1043 1994 puer,
1070 1939 1287 1999 scyphos,

585 1993 647 2040 Et
672 1995 795 2042 Chia
819 1999 941 2055 vina,
969 2010 1048 2046 aut
1072 2001 1260 2064 Lesbia,

322 2055 429 2115 Vel,
453 2059 576 2118 quod
603 2059 826 2108 fluentem
852 2080 1077 2112 nauseam
1102 2073 1339 2131 coerceat,

584 2123 756 2172 Metire
782 2130 917 2176 nobis
942 2131 1218 2183 Caecubum.

318 2185 495 2235 Curam
520 2199 791 2254 metumque
818 2195 1019 2243 Caesaris
1044 2216 1200 2248 rerum
1221 2202 1353 2265 juvat

583 2256 728 2305 Dulci
754 2260 898 2323 Lyaeo
924 2265 1115 2313 solvere.

741 2523 881 2570 ODE
918 2526 1009 2576 IX.

591 2634 645 2664 IN
679 2635 893 2669 MAEVIUM
929 2641 1147 2674 POETAM.

310 2705 462 2758 MALA
488 2713 640 2760 soluta
663 2718 794 2763 navis
818 2721 915 2766 exit
939 2722 1064 2781 alite,

570 2780 750 2827 Ferens
774 2784 979 2832 olentem
1005 2787 1245 2839 Maevium.

307 2841 370 2890 Ut
393 2843 593 2891 horridis
618 2856 866 2910 utrumque
891 2853 1108 2906 verberes
1133 2856 1270 2918 latus,

572 2912 764 2972 Auster,
791 2929 1030 2966 memento
1054 2920 1291 2972 fluctibus.

306 2970 459 3036 Niger
482 2978 706 3025 rudentes
731 2980 903 3042 Eurus,
930 2985 1114 3034 inverso
1139 2991 1272 3050 mari,

565 3042 853 3109 Fractosque
879 3066 1032 3098 remos
1056 3053 1253 3102 differat.

301 3102 524 3169 Insurgat
548 3108 738 3170 Aquilo,
761 3125 966 3178 quantus
989 3118 1097 3165 altis
1120 3122 1359 3170 montibus

1671 434 1731 481 10

1666 760 1726 807 16
