1841 3349
622 145 672 191 Q.
703 145 945 186 HORATII
976 147 1181 187 FLACCI

356 261 535 323 Foetus,
561 263 786 311 incoiumi
811 265 1033 312 Caesare‘!
1067 267 1171 326 quis
1195 266 1306 312 serae

617 329 800 376 Bellum
827 341 959 377 curet
985 331 1185 377 Iberiae'?

353 394 529 441 Condit
551 396 745 456 quisque
770 397 893 442 diem
921 398 1117 442 collibus
1142 397 1188 442 in
1215 397 1330 457 suis,

355 459 416 505 Et
439 461 579 506 vitem
608 462 770 506 viduas
794 463 924 507 ducit
949 464 1006 507 ad
1034 463 1248 509 arbores:

356 525 487 571 Hinc
513 527 571 572 ad
598 527 705 571 vina
728 528 848 572 redit
872 528 1020 584 laetus,
1046 538 1092 573 et
1117 527 1273 572 alteris

617 591 692 636 Te
719 594 892 637 mensis
917 594 1108 637 adhibet
1132 593 1271 637 deum
1292 607 1302 636 ε

352 655 428 701 Te
453 656 600 701 multa
625 673 780 717 prece,
805 667 850 703 te
877 657 1169 718 prosequitur
1196 672 1324 703 mero

353 721 532 767 Defuso
557 723 752 782 pateris3
790 733 837 768 et
863 723 1060 768 Laribus
1085 733 1217 768 tuum

352 786 526 833 Miscet
550 803 743 846 numen,
770 789 835 834 uti
860 789 1047 834 Graecia
1073 787 1281 833 Castoris

616 853 677 899 Et
701 855 860 915 magni
887 870 1062 899 memor
1089 853 1327 900 Herculis.

353 921 382 942 “
404 917 593 979 Longas
615 935 644 964 o
669 921 864 976 utinam,
890 921 985 964 dux
1012 921 1148 976 bone,
1176 919 1313 964 ferias

353 982 551 1028 Praestes
576 983 821 1044 Hesperiae
839 985 879 1029 !''
918 985 1121 1029 dicimus
1146 985 1328 1045 integro

354 1048 484 1094 Sicci
509 1046 648 1094 mane
676 1049 769 1107 die,
796 1049 998 1095 dicimus
1023 1049 1165 1107 uvidi,

614 1113 782 1164 Quum
807 1116 873 1162 sol
898 1115 1096 1161 Oceano
1120 1114 1293 1160 subest.

796 1374 934 1420 ODE
969 1375 1028 1421 V.

714 1489 779 1520 AD
804 1489 1105 1520 APOLLINEM.

352 1574 499 1632 Drvn,
523 1589 662 1635 quem
687 1573 840 1634 proles
865 1572 1051 1619 Niobea
1075 1589 1260 1635 magnae

351 1640 607 1687 Vindicem
633 1639 824 1700 linguae,
853 1638 1111 1699 Tityosque
1138 1649 1308 1700 raptor,

353 1706 527 1763 Sensit,
552 1714 600 1750 et
623 1704 781 1764 Trojae
806 1702 949 1765 prope
978 1705 1121 1750 victor
1146 1705 1250 1750 altae

615 1770 814 1815 Phthius
841 1770 1068 1827 Achilles,

351 1836 549 1883 Caeteris
573 1835 734 1896 major,
762 1835 843 1880 tibi
870 1836 1003 1881 miles
1027 1835 1201 1896 impar3

351 1901 504 1949 Filius
528 1916 796 1962 quanquam
822 1900 866 1945 T
872 1901 1055 1946 hetidos
1080 1900 1274 1946 marinae

350 1967 598 2014 Dardanas
623 1976 773 2013 turres
797 1977 1007 2027 quateret
1031 1965 1276 2012 tremenda

614 2032 823 2093 Cuspide
848 2048 1066 2092 pugnax:

350 2097 455 2156 Ille,
479 2098 689 2143 mordaci
714 2098 838 2142 velut
863 2098 954 2142 icta
981 2097 1100 2142 ferro

350 2163 513 2220 PinuS‚
540 2171 619 2207 aut
643 2162 842 2222 impulsa
866 2177 1113 2222 cupressus
1138 2160 1281 2219 Euro,

351 2228 559 2275 Procidit
582 2225 692 2283 late,
718 2227 963 2287 posuitque
984 2227 1154 2272 collum
1181 2227 1228 2272 in

614 2292 812 2337 Pulvere
838 2292 1043 2337 Teucro.

352 2357 439 2404 Ille
463 2374 575 2416 non,
601 2358 810 2403 inclusus
834 2373 954 2417 equo
979 2356 1207 2402 Minervae

352 2424 498 2470 Sacra
521 2423 733 2480 mentito,
760 2421 880 2467 male
909 2423 1093 2468 feriatos

352 2488 505 2536 Troas
529 2498 575 2535 et
598 2489 751 2534 loetam
778 2488 951 2534 Priami
977 2488 1161 2534 choreis

617 2553 821 2599 Falleret
846 2554 999 2599 aulam
1024 2570 1032 2598 :

354 2620 450 2666 Sed
475 2619 628 2682 palam
654 2620 802 2680 captis
825 2620 994 2680 graviS‚
1020 2619 1113 2664 heu
1137 2618 1291 2665 nefas!
1328 2615 1447 2665 heu}

353 2685 400 2730 N
406 2686 556 2731 escios
581 2685 664 2731 fari
688 2701 858 2746 pueros
884 2685 1080 2730 Achivis

354 2749 522 2797 Ureret
547 2750 763 2808 flammiS,
789 2751 927 2796 etiam
955 2750 1177 2795 latentem

619 2815 785 2860 Matris
811 2816 857 2861 in
883 2815 1010 2870 alvo3

354 2878 440 2938 Ni,
463 2881 557 2925 tuis
580 2881 729 2926 victus
754 2881 1045 2940 Venerisque
1069 2885 1212 2939 gratae

355 2945 583 3002 Vocibus,
609 2945 766 2990 divum
794 2946 930 2990 Pater
956 2944 1197 2990 adnuisset

355 3009 525 3057 Rebus
550 3009 716 3056 AEneae
740 3010 917 3070 potiore
941 3010 1107 3055 ductos

616 3074 746 3121 Alite
772 3090 941 3121 muros.

1674 1114 1739 1161 40

1676 2162 1736 2209 10

1674 2487 1736 2535 15
