1841 3349
105 164 196 215 174
559 129 562 133 ⁴
633 165 684 211 Q.
715 164 958 204 HORATII
987 163 1208 204 FLACCI.

165 282 448 330 Manserunt
471 284 703 346 hodieque
727 292 922 330 manent
940 282 1134 344 vestigia
1153 282 1285 329 ruris.
1653 284 1745 331 160

165 350 311 395 Serus
335 350 462 396 enim
487 350 668 396 Graecis
693 350 896 396 admovit
920 349 1140 395 acumina
1163 348 1364 404 chartis;

163 414 242 473 Et,
267 425 369 476 post
394 416 578 462 Punica
601 416 721 462 bella
744 416 943 476 quietus,
968 430 1176 474 quaerere
1200 414 1341 475 coepit

161 479 296 530 Quid
325 482 583 542 Sophocles
607 491 654 527 et
674 481 880 541 Thespis
904 489 950 525 et
970 479 1225 539 AEschylus
1251 479 1364 525 utile
1390 479 1577 526 ferrent.

163 546 387 592 Tentavit
411 562 592 607 quoque
618 563 715 592 rem
741 547 779 591 si
804 543 947 605 digne
974 553 1151 589 vertere
1175 553 1357 606 posset;

163 611 226 658 Et
249 613 425 673 placuit
450 613 553 668 sibi,
578 611 745 656 natura
770 610 983 655 sublimis
1007 619 1054 654 et
1079 624 1210 654 acer:
1651 609 1743 656 165

162 677 291 723 Nam
316 679 458 738 spirat
481 678 712 737 tragicum
740 673 868 733 satis,
888 685 934 720 et
960 675 1156 720 feliciter
1177 675 1345 730 audet3

164 744 259 789 Sed
285 753 468 804 turpem
492 751 623 804 putat
648 739 816 787 inscite
841 741 1096 800 metuitque
1122 740 1323 785 lituram.

231 807 467 866 Creditur,
494 825 552 853 ex
576 808 732 853 medio
755 807 864 867 quia
889 822 963 851 res
988 806 1196 862 arcessit,
1218 806 1390 852 habere

165 875 360 920 Sudoris
380 875 644 929 minimum,
671 874 752 918 sed
778 872 920 917 habet
945 871 1190 916 Comoedia
1215 868 1345 917 tanto

163 939 275 985 Plus
300 941 471 996 oneris,
497 937 671 998 quanto
698 939 846 983 veniae
872 937 1041 982 minus
1115 937 1292 997 Aspice
1317 936 1512 983 Plautus
1649 936 1743 984 170

161 1004 276 1054 Quo
299 1015 437 1066 pacto
459 1014 614 1065 partes
638 1013 812 1049 tutetur
838 1003 1038 1048 amantis
1062 1002 1248 1062 ephebi,
1271 1054 1273 1056 ¹

161 1069 226 1116 Ut
247 1072 392 1131 patris
419 1071 599 1127 attenti,
626 1070 808 1115 lenonis
834 1079 884 1114 ut
909 1067 1148 1113 insidiosi:

160 1135 385 1185 Quantus
410 1137 467 1182 sit
491 1136 768 1182 Dossennus
792 1135 1017 1180 edacibus
1042 1135 1090 1179 in
1113 1133 1327 1194 parasitis
1347 1149 1358 1190 3

161 1200 326 1251 Quam
352 1218 448 1248 non
473 1203 663 1248 astricto
686 1210 927 1262 percurrat
951 1200 1130 1261 pulpita
1154 1215 1306 1245 socco.

162 1268 316 1314 Gestit
339 1269 466 1314 enim
492 1283 738 1313 nummum
765 1268 811 1312 in
838 1266 1017 1312 loculos
1037 1265 1301 1323 demittere,
1326 1273 1430 1326 post
1454 1266 1543 1312 hoc
1648 1265 1742 1311 175

164 1334 372 1379 Securus
396 1334 534 1379 cadat
559 1350 618 1378 an
644 1342 772 1378 recto
791 1342 880 1378 stet
906 1332 1061 1386 fabula
1085 1331 1190 1376 talo.
1400 1386 1404 1391 ἱ

227 1399 387 1449 Quem
414 1399 519 1445 tulit
543 1399 601 1444 ad
622 1414 813 1444 scenam
837 1406 1029 1443 ventoso
1052 1397 1213 1442 Gloria
1236 1395 1408 1453 curru,

164 1463 417 1510 Exanimat
441 1465 597 1510 lentus
622 1473 870 1525 spectator,
896 1463 1087 1508 sedulus
1112 1461 1256 1507 inflat.

164 1530 246 1576 Sic
269 1531 387 1588 leve,
409 1531 476 1576 sic
500 1545 703 1590 parvum
717 1538 802 1586 est,
830 1529 1040 1574 animum
1064 1528 1188 1588 quod
1213 1526 1365 1572 laudis
1385 1542 1576 1572 avarum

165 1596 359 1642 Subruit
384 1612 438 1641 ac
463 1595 624 1641 reficit.
697 1595 864 1640 Valeat
889 1610 962 1639 res
986 1593 1185 1650 ludicra,
1212 1594 1250 1637 si
1274 1607 1349 1637 me
1650 1592 1741 1639 180

0 1684 49 1692 ν»
112 1645 136 1704 ζ
162 1661 326 1707 Palma
350 1670 521 1722 negata
545 1676 773 1718 macrum,
800 1661 971 1705 donata
995 1659 1178 1704 reducit
1200 1658 1422 1719 opimum.

116 1705 136 1745 Ι
231 1725 368 1788 Saepe
394 1728 534 1772 etiam
562 1699 789 1771 audacem
817 1726 945 1786 fugat
971 1726 1077 1781 hoc,
1102 1734 1334 1796 terretque
1358 1726 1564 1784 poetam,

161 1792 310 1842 Quod
337 1808 533 1838 numero
556 1792 727 1853 plures,
754 1793 920 1837 virtute
945 1799 991 1835 et
1016 1791 1191 1835 honore
1217 1790 1436 1846 minoreS,

163 1857 352 1904 Indocti
377 1858 640 1918 stolidique,
667 1867 712 1903 et
737 1858 1009 1918 depugnare
1033 1855 1181 1916 parati

165 1924 216 1970 Si
242 1924 478 1969 discordet
501 1939 659 1984 eques,
687 1923 843 1969 media
868 1924 986 1968 inter
1013 1921 1223 1966 carmina
1247 1928 1448 1982 poscunt
1650 1919 1740 1966 185

165 1990 266 2035 Aut
290 2005 467 2047 ursum,
494 1999 573 2034 aut
597 1990 805 2050 pugiles:
844 1989 915 2034 his
941 2003 1050 2033 nam
1070 1985 1315 2048 plebecula
1338 1985 1525 2047 gaudet.

162 2052 345 2101 Vei-iim
369 2055 513 2114 equiti
537 2071 718 2115 quoque
739 2055 836 2115 jam
861 2054 1075 2115 migravit
1100 2053 1158 2098 ab
1183 2068 1293 2097 aure
1317 2050 1528 2112 voluptas

163 2118 335 2165 Omnis
361 2120 418 2164 ad
444 2119 648 2165 incertos
672 2120 833 2165 oculos
858 2129 904 2165 et
927 2119 1100 2178 gaudia
1124 2134 1255 2163 vana.

163 2184 382 2234 Quatuor
408 2193 487 2229 aut
510 2184 666 2244 plures
691 2185 838 2230 aulaea
861 2192 1135 2244 premuntur
1161 2184 1207 2228 in
1235 2183 1385 2240 horas,

164 2249 293 2295 Dum
318 2249 502 2310 fugiunt
527 2250 734 2309 equitum
761 2260 925 2295 turmae
946 2249 1247 2309 peditumque
1274 2256 1498 2301 catervae;
1649 2245 1741 2292 190

153 2314 281 2371 ,Mox
304 2314 500 2360 trahitur
526 2315 743 2359 manibus
768 2330 930 2375 regum
959 2314 1142 2358 fortuna
1166 2313 1375 2367 retortis;

165 2379 347 2426 Esseda
372 2380 607 2436 festinant,
631 2380 822 2440 pilenta,
847 2379 1082 2440 petorrita,
1110 2392 1277 2432 naves3

165 2445 413 2506 Captivum
438 2454 645 2505 portatur
670 2446 800 2503 ebur,
827 2445 1009 2505 captiva
1034 2443 1303 2489 Corinthus.

166 2512 217 2557 Si
245 2511 360 2556 foret
384 2511 431 2556 in
458 2511 607 2567 terris,
634 2511 805 2555 rideret
829 2509 1145 2566 Democritus,
1173 2524 1256 2553 seu

164 2576 412 2622 Diversum
439 2576 635 2621 confusa
659 2591 808 2636 genus
833 2575 1061 2635 panthera
1084 2573 1282 2631 camelo,
1648 2569 1740 2618 195

166 2642 275 2687 Sive
300 2642 488 2702 elephas
513 2641 644 2686 albus
668 2641 793 2701 vulgi
818 2649 1108 2686 converteret
1131 2655 1238 2684 ora:

168 2706 411 2766 Spectaret
436 2707 656 2767 populum
680 2706 804 2751 ludis
829 2703 1050 2751 attentius
1076 2704 1203 2764 ipsis,

165 2770 230 2816 Ut
253 2772 340 2816 sibi
365 2772 649 2831 praebentem
674 2772 817 2817 mimo
841 2770 1109 2832 spectacula
1132 2769 1278 2828 plura.

169 2835 428 2895 Scriptores
453 2846 608 2881 autem
634 2852 821 2881 narrare
845 2844 1028 2896 putaret
1052 2834 1193 2879 asello

168 2899 408 2946 Fabellam
434 2901 601 2945 surdo:
639 2917 746 2945 nam
772 2916 873 2960 quae
898 2900 1170 2960 pervincere
1197 2913 1332 2943 voces
1641 2894 1739 2943 200

168 2963 404 3011 EvaJuere
426 2979 591 3010 sonum
618 2965 825 3010 referunt
848 2979 987 3024 quem
1012 2973 1170 3009 nostra
1193 2962 1411 3008 theatra?

169 3029 443 3091 Garganum
467 3029 647 3089 mugire
672 3039 805 3089 putes
830 3044 1012 3085 nemus,
1038 3037 1118 3074 aut
1142 3043 1269 3073 mare
1295 3026 1540 3074 Tuscum:

170 3093 331 3142 Tanto
353 3109 463 3141 cum
486 3093 681 3155 strepitu
703 3093 802 3139 ludi
825 3102 1093 3154 spectantur
1117 3102 1165 3139 et
1182 3101 1305 3139 artes
