1841 3349
311 459 390 534 Q.
458 458 933 520 HORATII
1009 458 1419 520 FLAccl

577 641 1161 718 SATIRARUM

640 858 814 898 LIBER
843 858 1081 899 PRIMUS.

701 1238 965 1285 SATIRA
1001 1238 1039 1286 Ι.

643 1353 710 1383 AD
733 1353 1079 1385 MAECENATEM,

167 1435 272 1487 Qui
296 1436 363 1495 fit,
391 1435 649 1494 Maecenas,
674 1444 725 1482 ut
749 1453 890 1484 nemo
910 1453 1051 1498 quam
1077 1438 1165 1486 sibi
1191 1450 1364 1489 sortem

166 1503 264 1550 Seu
288 1503 404 1549 ratio
429 1503 625 1561 dederit,
652 1519 736 1548 seu
761 1503 854 1549 fors
877 1504 1119 1565 objecerit,
1145 1506 1227 1552 illa

165 1569 431 1616 Contentus
455 1569 592 1626 vivat,
617 1568 778 1615 laudet
803 1569 985 1616 diversa
1008 1575 1291 1632 sequentes?

166 1638 196 1659 “
212 1634 258 1680 O
286 1634 506 1680 fortunati
532 1643 815 1680 mercatores
833 1636 874 1680 !''
914 1637 1068 1697 gravis
1093 1639 1230 1683 annis

165 1700 307 1747 Miles
332 1701 411 1758 ait,
436 1700 583 1746 multo
603 1700 700 1762 jam
721 1700 896 1747 fractus
922 1703 1134 1749 membra
1157 1704 1331 1752 labore.
1655 1711 1689 1758 5

164 1764 344 1813 Contra
369 1775 616 1825 mercator,
643 1766 801 1812 navim
821 1767 1110 1829 jactantibus
1135 1770 1341 1831 AustriS‚

165 1836 194 1857 “
212 1831 385 1878 Militia
408 1841 478 1878 est
500 1832 679 1893 potior:
705 1832 817 1894 quid
843 1834 1006 1880 enim?
1043 1837 1367 1896 concurritur3
1404 1839 1532 1888 horae

163 1896 409 1944 Momento
434 1898 528 1943 cita
553 1914 676 1944 mors
701 1900 843 1956 venit,
869 1909 950 1945 aut
973 1900 1168 1947 victoria
1191 1903 1343 1950 laeta.’'

163 1964 439 2025 Agricolam
464 1963 624 2009 laudat
644 1964 761 2025 juris
786 1965 1039 2026 legumque
1058 1968 1252 2027 peritus,

164 2030 265 2075 Sub
288 2029 399 2091 galli
423 2038 616 2074 cantum
641 2030 881 2076 consultor
905 2032 986 2077 ubi
1010 2033 1129 2078 ostia
1152 2034 1319 2095 pulsat.
1626 2041 1685 2088 10

162 2094 266 2153 Ille,
291 2095 412 2141 datis
435 2095 632 2140 vadibus
656 2096 734 2156 qui
760 2112 866 2142 rure
892 2106 1129 2144 extractus
1154 2100 1203 2146 in
1228 2101 1393 2148 urbem
1417 2113 1503 2163 est,

163 2160 299 2207 Solos
324 2161 484 2206 felices
509 2161 717 2206 viventes
743 2162 916 2208 clamat
940 2163 988 2209 in
1009 2165 1139 2211 urbe.

162 2225 346 2273 Caetera
370 2227 427 2272 de
452 2242 626 2288 genere
652 2227 758 2286 hoc,
785 2227 904 2275 adeo
930 2239 1040 2276 sunt
1064 2231 1227 2291 multa,
1253 2233 1501 2294 loquacem

160 2291 410 2338 Delassare
435 2293 591 2339 valent
616 2293 833 2340 Fabium.
889 2294 967 2340 Ne
992 2305 1037 2343 te
1063 2313 1230 2357 morer,
1257 2301 1368 2346 audi

158 2355 275 2408 Quo
300 2374 400 2404 rem
425 2359 673 2405 deducam.
731 2360 782 2405 Si
807 2361 911 2421 quis
935 2362 1068 2420 deus,
1096 2367 1125 2386 “
1147 2363 1221 2409 En
1248 2367 1384 2427 ego,''
1406 2367 1549 2428 dicat,
1622 2371 1682 2417 15

159 2427 191 2448 “
213 2423 242 2469 J
247 2440 321 2469 am
347 2424 515 2469 faciam
541 2425 665 2486 quod
690 2427 856 2472 vultis:
895 2427 986 2473 eris
1010 2437 1076 2487 tu,
1102 2430 1181 2490 qui
1206 2429 1348 2477 modo
1374 2433 1525 2493 miles,

161 2488 424 2535 Mercator:
462 2498 529 2547 tu,
556 2492 799 2537 consultus
823 2491 981 2551 modo,
1009 2496 1240 2542 rusticus:
1279 2497 1393 2544 hinc
1417 2515 1514 2558 vos,
1542 2523 1553 2531 ⁴

158 2554 258 2600 Vos
284 2554 411 2611 hinc,
438 2556 629 2600 mutatis
654 2557 883 2604 discedite
908 2560 1160 2619 partibus*
1193 2561 1306 2608 Eia!

157 2618 292 2668 Quid
319 2619 450 2667 statis
464 2620 513 2663 'l''
553 2619 732 2666 Nolint.
793 2624 940 2683 Atqui
966 2625 1081 2670 licet
1104 2642 1207 2671 esse
1233 2628 1395 2675 beatis.

157 2684 293 2734 Quid
318 2699 473 2729 causae
498 2694 569 2730 est
593 2684 760 2731 merito
787 2688 899 2746 quin
925 2689 1014 2733 illis
1039 2689 1225 2751 Jupiter
1250 2693 1412 2740 ambas
1611 2695 1679 2744 20

158 2749 312 2795 Iratus
338 2749 513 2796 buccas
538 2749 684 2808 inflet,
711 2767 863 2812 neque
889 2768 938 2798 se
964 2754 1060 2800 fore
1084 2757 1280 2817 posthac

159 2813 284 2861 Tam
310 2814 496 2861 facilem
521 2816 648 2862 dicat
672 2818 788 2863 votis
814 2826 865 2864 ut
883 2820 1090 2879 praebeat
1115 2825 1312 2871 aurem?

221 2880 470 2940 Praeterea,
496 2898 556 2927 ne
583 2882 668 2941 sic,
694 2891 745 2929 ut
768 2884 846 2944 qui
867 2884 1111 2945 jocularia,
1136 2888 1295 2936 ridens

155 2944 461 2992 Percurram:
496 2963 762 3009 quanquam
787 2950 1018 2998 ridentem
1045 2952 1203 3000 dicere
1229 2971 1390 3003 verum

153 3009 290 3060 Quid
315 3013 471 3058 vetat?
507 3023 558 3059 ut
580 3015 737 3074 pueris
761 3015 873 3061 olim
899 3017 1014 3064 dant
1036 3021 1247 3067 crustula
1266 3022 1426 3071 blandi
1607 3022 1675 3071 ᾖ

153 3075 401 3133 Doctores,
426 3077 659 3127 elementa
682 3080 827 3129 velint
849 3091 902 3129 ut
925 3083 1108 3132 discere
1130 3087 1309 3148 prima:
