1841 3349
103 143 193 213 ¹2²4
641 164 692 210 Q.
723 163 966 203 HORATH
995 164 1201 204 FLAcm

163 282 243 329 An
268 291 319 329 tu
343 281 460 329 reris
483 290 592 330 eum
616 283 776 329 occisa
801 282 1033 329 insanisse
1056 285 1284 345 parente?

164 348 238 394 Ac
261 365 356 395 non
382 347 491 395 ante
518 349 654 395 malis
679 350 946 395 dementem
972 359 1127 395 actum
1156 349 1328 408 Furiis,
1352 346 1495 411 quam
1649 350 1741 398 135

160 412 217 461 In
241 415 404 461 matris
423 415 587 476 jugulo
613 415 783 461 ferrum
809 415 1031 475 tepefecit
1055 424 1244 461 acutum
1266 416 1281 461 ’ἔ

156 477 310 538 Quin,
335 497 391 527 ex
416 497 508 541 quo
531 490 601 527 est
626 480 814 526 habitus
838 479 959 525 male
985 490 1097 526 tutae
1123 481 1294 526 mentis
1317 480 1528 539 OresteS‚

158 545 239 591 Nil
265 545 380 592 sane
409 547 518 592 fecit
542 547 667 606 quod
694 555 741 590 tu
767 544 1052 606 reprendere
1076 546 1254 606 possis:

157 611 268 658 Non
294 612 503 672 Pyladen
529 611 649 657 ferro
674 611 844 656 violare
870 627 1067 656 aususve
1093 627 1298 657 sororem

157 675 420 723 Electram:
457 675 642 723 tantum
668 676 906 722 maledicit
930 677 1129 737 utrique,
1156 677 1368 723 vocando
1649 678 1740 725 140

159 743 299 789 Hanc
326 743 532 800 Furiam,
559 743 685 788 hunc
710 743 853 800 aliud,
874 742 1012 803 jussit
1037 743 1159 802 quod
1185 743 1432 803 splendida
1455 743 1575 789 bilis.

157 808 340 870 Pauper
364 809 583 870 Opimius
608 808 788 870 argenti
813 809 949 869 positi
976 809 1102 853 intus
1127 817 1173 854 et
1197 809 1313 867 auri,

153 871 257 924 Qui
284 875 600 920 Veientanum
628 875 756 919 festis
779 885 939 934 potare
965 875 1131 919 diebus

155 939 404 1001 Campana
430 940 591 986 solitus
616 940 770 997 trulla,
797 956 1085 1000 vappamque
1110 939 1341 1000 profestiS,

154 1004 417 1055 Quondam
442 1006 653 1067 lethargo
678 1006 844 1067 grandi
870 1014 939 1050 est
963 1021 1226 1066 oppressuS‚
1254 1016 1304 1051 ut
1327 1006 1477 1051 haeres
1648 1006 1739 1053 145

159 1071 266 1118 Jarn
292 1072 472 1117 circum
497 1072 675 1118 loculos
701 1082 747 1117 et
771 1072 926 1116 claves
950 1071 1084 1117 laetus
1107 1087 1343 1131 ovansque

155 1136 405 1184 Curreret:
445 1139 571 1184 hunc
596 1138 808 1183 medicus
833 1135 1031 1183 multum
1058 1137 1183 1182 celer
1209 1147 1344 1197 atque
1370 1137 1520 1183 fidelis

157 1201 350 1249 Excitat
375 1205 463 1250 hoc
487 1213 652 1265 pacto:
690 1219 901 1248 mensam
927 1204 1035 1264 poni
1060 1203 1208 1264 jubet,
1236 1213 1373 1262 atque

157 1268 348 1315 Effundi
375 1285 537 1315 saccos
562 1285 862 1315 nummorum
885 1286 894 1324 ;
933 1270 1161 1314 accedere
1187 1269 1343 1330 plures

158 1334 232 1380 Ad
260 1336 605 1380 numerandum
626 1351 633 1379 :
673 1336 910 1380 hominem
937 1335 1005 1379 sic
1030 1334 1178 1394 erigit.
1239 1334 1389 1379 Addit
1412 1343 1459 1380 et
1483 1334 1625 1380 illud:
1646 1334 1738 1380 150

157 1403 169 1424 ‘
186 1399 253 1446 Ni
278 1409 358 1446 tua
383 1401 606 1457 custodis,
633 1401 796 1446 avidus
816 1401 912 1460 jam
940 1401 1041 1444 haec
1067 1399 1246 1444 auferet
1272 1401 1450 1445 haeres'

157 1468 170 1490 ‘
193 1465 322 1511 Men'
352 1466 453 1511 vivo
469 1467 499 1511 2’
540 1471 549 1489 ‘
569 1467 632 1513 Ut
656 1466 781 1512 vivas
806 1466 962 1527 igitur,
989 1466 1154 1526 vigila:
1194 1466 1281 1511 hoc
1307 1481 1404 1527 age.

288 1535 299 1554 ‘
316 1531 448 1580 Quid
475 1532 542 1576 vis
557 1533 588 1577 ”.-”

156 1599 168 1621 ‘
189 1596 428 1643 Deficient
451 1597 639 1658 inopem
665 1612 796 1642 venae
821 1605 882 1650 te,
909 1596 957 1641 ni
983 1596 1117 1641 cibus
1142 1604 1279 1656 atque

155 1662 333 1724 Ingens
358 1664 554 1709 accedat
578 1663 819 1709 stomacho
847 1662 1018 1708 fultura
1044 1662 1214 1708 ruenti.

154 1727 236 1774 Tu
255 1729 443 1774 cessas?
480 1729 698 1790 agedum,
725 1744 858 1773 sume
880 1730 969 1774 hoc
993 1728 1298 1789 ptisanarium
1319 1729 1504 1787 oryzae.'
1644 1729 1736 1775 155

156 1795 168 1817 ‘
186 1792 372 1843 Quanti
397 1804 562 1855 emptae
575 1795 607 1839 ‘l’
646 1799 656 1817 ⁴
675 1794 853 1839 Parvo.’
893 1798 903 1816 ‘
920 1793 1105 1842 Quanti
1130 1809 1241 1854 ergo
1255 1794 1287 1838 'l'
1326 1797 1336 1816 ‘
1355 1792 1666 1839 Octussibus.’

289 1864 299 1883 ‘
318 1859 455 1904 Eheu
475 1861 484 1905 l

151 1923 288 1975 Quid
313 1925 453 1971 refert
476 1925 639 1972 morbo
663 1941 723 1970 an
749 1924 881 1970 furtis
905 1939 1152 1986 pereamve
1177 1922 1352 1985 rapinis
1367 1925 1399 1969 ‘l’
1422 1924 1448 1944 ''

108 2016 110 2018 v
157 1990 445 2040 “Quisnam
485 1991 626 2052 igitur
667 2006 810 2036 sanus
829 1991 876 2036 'P’
949 1994 977 2013 “
998 1990 1100 2039 Qui
1134 2005 1228 2035 non
1263 1990 1475 2035 stultus''
1547 1993 1576 2014 “
1599 1988 1734 2040 Qui'd

288 2072 453 2102 avarus
467 2058 517 2102 'l''

157 2124 186 2146 “
211 2121 393 2167 Stultus
416 2130 463 2166 et
486 2121 726 2166 insanus.''
799 2125 827 2144 “
848 2120 1018 2170 Quid?
1054 2121 1090 2166 si
1115 2121 1218 2180 quis
1242 2136 1337 2166 non
1363 2120 1421 2165 sit
1445 2137 1622 2167 avarus.

155 2184 399 2234 Continuo
440 2188 643 2232 sanus‘l''
716 2190 743 2209 “
763 2184 1012 2231 Minime.'’
1098 2190 1125 2209 “
1149 2185 1263 2242 Cur,
1307 2186 1467 2232 Stoice
1482 2188 1531 2232 'l’'
1603 2190 1632 2210 “
1654 2185 1736 2232 Di-

287 2267 406 2297 cam.
1643 2253 1735 2298 160

157 2320 168 2341 ‘
187 2316 297 2363 Non
323 2327 392 2362 est
416 2317 692 2373 cardiacus‚'
723 2317 969 2361 Craterum
996 2316 1167 2360 dixisse
1194 2325 1369 2377 putato,

157 2385 170 2406 ‘
187 2382 284 2428 Hic
310 2385 461 2443 aeger.'
524 2387 534 2405 ‘
555 2382 709 2427 Recte
736 2392 807 2427 est
832 2382 989 2441 igitur,
1015 2382 1312 2441 surgetque'l'
1385 2379 1610 2442 Negabit,

153 2446 304 2497 Quod
331 2448 450 2493 latus
471 2458 549 2493 aut
574 2463 710 2492 renes
736 2447 898 2492 morbo
920 2457 1159 2491 tententur
1185 2456 1337 2491 acuto.

156 2512 268 2559 Non
294 2522 364 2559 est
387 2514 617 2574 perjurus,
643 2529 794 2572 neque
820 2513 1059 2566 sordidusg
1099 2512 1306 2557 immolet
1332 2512 1474 2571 aequis

157 2578 253 2624 Hic
277 2595 469 2640 porcum
497 2579 723 2624 Laribus:
761 2576 919 2623 verum
949 2578 1220 2623 ambitiosus
1245 2587 1291 2622 et
1315 2578 1496 2633 audax3
1637 2578 1731 2624 165

158 2643 361 2705 Naviget
388 2645 691 2704 Anticyram:
729 2644 840 2704 quid
866 2644 992 2688 enim
1018 2643 1188 2698 differt,
1218 2643 1495 2688 barathrone

157 2708 319 2754 Dones
342 2711 564 2769 quidquid
595 2710 753 2767 habes,
780 2726 839 2754 an
866 2724 1102 2769 nunquam
1130 2718 1259 2753 utare
1285 2709 1489 2769 paratis?

156 2773 348 2819 Servius
373 2775 607 2834 Oppidius
633 2775 812 2819 Canusi
838 2775 930 2818 duo
955 2773 1144 2834 praedia,
1172 2774 1302 2818 dives

158 2838 368 2898 Antiquo
393 2855 555 2895 censu,
581 2841 735 2900 gnatis
760 2839 931 2885 divisse
958 2839 1139 2884 duobus

158 2902 345 2960 Fertur,
371 2914 416 2948 et
443 2905 542 2948 haec
569 2906 771 2950 moriens
797 2905 952 2965 pueris
977 2903 1149 2948 dixisse
1175 2904 1349 2949 vocatis
1638 2904 1730 2950 170

159 2968 236 3014 Ad
263 2968 464 3014 lectum:
502 2973 511 2991 ‘
536 2968 784 3028 Postquam
812 2981 857 3015 te
883 2970 1013 3024 talos,
1040 2969 1180 3025 Aule,
1207 2984 1447 3029 nucesque

159 3033 302 3079 Ferre
327 3034 431 3078 sinu
456 3034 575 3090 laxo,
601 3035 776 3078 donare
801 3046 846 3079 et
871 3034 1031 3078 ludere
1057 3034 1149 3079 vidi
1171 3051 1180 3089 ;

153 3098 249 3156 Te,
275 3098 457 3158 Tiberi,
483 3114 747 3157 numerare,
767 3098 893 3144 cavis
917 3099 1207 3145 abscondere
1231 3099 1435 3154 tristem3
