1841 3349
77 150 174 200 lm
606 145 657 193 Q.
688 145 931 186 HORATH
959 143 1180 186 FLACCI.

142 267 219 313 Ac
243 265 357 311 mihi
382 281 466 311 seu
488 264 682 326 longum
706 274 810 326 post
832 274 1017 325 tempus
1041 271 1233 310 venerat
1257 263 1444 324 hospes,

142 333 252 379 Sive
276 346 468 392 operum
495 346 642 376 vacuo
665 341 825 392 gratus
850 331 1045 375 conviva
1070 345 1151 390 per
1177 329 1376 374 imbrem

143 397 362 451 Vicinus,
391 397 508 441 bene
533 407 646 453 erat,
674 412 766 441 non
792 397 1000 456 piscibus
1025 395 1138 439 urbe
1164 394 1337 455 petitis,

144 463 240 509 Sed
265 462 394 523 pullo
414 471 552 522 atque
581 462 744 507 hoedo:
782 472 879 505 tum
907 460 1100 521 pensilis
1125 475 1214 504 uva
1238 458 1474 504 secundas
1631 456 1726 505 120

143 528 206 574 Et
231 544 326 574 nux
349 528 543 573 ornabat
568 542 755 571 mensas
780 541 888 570 cum
914 525 1100 585 duplice
1126 524 1245 569 ficu:

143 593 257 640 Post
281 594 369 639 hoc
393 593 530 636 ludus
554 601 652 636 erat
676 592 829 651 cuppa
853 599 1012 651 potare
1039 589 1288 648 magistr&

145 660 222 705 Ac
248 666 466 704 venerata
486 657 648 713 Cer‚es
676 656 739 700 ita
762 656 917 701 culmo
942 662 1154 715 surgeret
1177 654 1286 712 alto,

145 723 386 785 Explicuit
409 722 518 768 vino
542 731 796 767 contractae
816 720 938 766 seria
958 719 1134 765 frontis.

147 791 322 836 Saeviat
346 798 482 848 atque
507 803 651 832 novos
676 803 780 832 mov
784 796 859 832 eat
885 785 1095 831 Fortuna
1118 784 1364 842 tumultus,
1633 782 1727 830 125

144 852 397 904 Quantum
420 853 530 898 hinc
551 852 830 897 imminuet?
866 849 1041 911 quanto
1063 858 1143 895 aut
1162 865 1250 910 ego
1270 844 1477 910 parcink,
1497 855 1579 897 aut
1595 863 1694 908 vos,

146 920 194 966 O
217 920 365 981 pueri,
391 917 612 974 nituistis‚
634 926 685 962 ut
709 918 797 961 huc
821 933 904 961 no
904 932 969 960 us
993 916 1150 961 incola
1176 915 1334 960 venit?

148 983 276 1030 Nam
302 983 499 1045 propriae
524 982 702 1028 telluris
731 983 895 1026 herum
918 992 1084 1026 natura
1107 995 1260 1040 neque
1286 979 1434 1038 illum,

150 1049 258 1096 Nec
285 1065 376 1106 me,
402 1063 492 1094 nec
516 1063 779 1120 quenquam
807 1047 992 1092 statuit:
1030 1062 1115 1091 nos
1137 1044 1316 1118 expulit
1340 1045 1449 1090 ille·
1437 1079 1450 1101 ,

150 1115 292 1161 Illum
319 1123 398 1159 aut
423 1112 656 1174 nequities
681 1122 759 1158 aut
785 1112 898 1157 vafri
925 1112 1110 1157 inscitia
1130 1111 1267 1172 juriS,
1636 1107 1730 1155 130

151 1177 395 1227 Postremo
420 1179 621 1238 expellet
641 1177 769 1223 certe
796 1178 996 1223 vivacior
1022 1178 1184 1222 haeres.

141 1246 298 1300 *Nunc
323 1260 432 1306 ager
458 1244 686 1290 Umbreni
711 1244 797 1288 sub
822 1244 1028 1299 nomine,
1054 1257 1202 1303 nuper
1226 1239 1370 1286 Ofelli

152 1310 339 1367 Dictus,
364 1310 452 1356 erit
475 1310 590 1355 nulli
614 1309 854 1371 proprius;
892 1310 973 1354 sed
999 1309 1125 1354 cedit
1149 1308 1196 1352 in
1222 1322 1360 1351 usum

153 1375 300 1423 Nunc
325 1375 457 1432 mihi,
485 1391 614 1420 nunc
640 1375 745 1420 alii:
783 1375 1004 1434 quocirca
1029 1373 1166 1418 vivite
1192 1372 1348 1431 fortes,

154 1441 405 1502 Fortiaque
429 1440 635 1488 adversis
658 1441 880 1502 opponite
905 1448 1095 1502 pectora
1118 1438 1303 1484 rebus.'’
1641 1433 1733 1483 135

718 1731 982 1780 SATIRA
1018 1731 1111 1778 ΙΙΙ.

766 1854 1059 1881 DAMASIPPUS·

159 1932 244 1979 Sic
268 1927 374 1977 raro
400 1929 580 1987 scribis,
599 1937 651 1974 ut
674 1936 769 1974 toto
793 1943 886 1973 non
907 1936 1068 1988 quater
1093 1943 1217 1974 anno

161 1996 489 2043 Membranam
512 2011 692 2056 poscas,
714 1993 989 2054 scriptorum
1015 2008 1209 2053 qumque
1232 2000 1464 2053 retexens,

161 2061 317 2109 Iratus
341 2062 423 2107 tibi
448 2060 573 2121 quod
600 2061 696 2105 vini
721 2060 964 2119 somnique
994 2059 1224 2119 benignus

162 2127 244 2173 Nil
271 2128 466 2188 dignum
494 2141 707 2170 sermone
733 2140 889 2168 canas.
946 2123 1080 2171 Quid
1107 2124 1219 2168 fiet?
1255 2124 1314 2168 ab
1337 2122 1451 2184 ipsis

165 2192 497 2238 Saturnalibus
522 2191 616 2235 huc
639 2190 797 2250 fugisti
820 2206 829 2244 ;
869 2189 1050 2234 sobrius
1075 2205 1186 2248 ergo
1708 2188 1742 2236 5

165 2257 258 2303 Dic
283 2255 456 2316 aliquid
482 2256 677 2316 dignum
703 2253 969 2314 promissis:
1008 2252 1177 2313 incipe.
1237 2251 1318 2297 Nil
1344 2262 1426 2298 est.

165 2323 427 2383 Culpantur
454 2319 622 2365 frustra
649 2319 834 2375 calami,
862 2318 1214 2378 immeritusque
1238 2318 1416 2364 laborat

166 2386 306 2434 Iratis
332 2396 468 2432 natus
494 2386 650 2446 paries
674 2384 747 2429 dis
772 2397 908 2443 atque
934 2383 1097 2444 poetis.

168 2452 314 2513 Atqui
340 2452 492 2496 vultus
512 2463 611 2495 erat
631 2450 777 2495 muita
801 2459 848 2494 ot
867 2447 1090 2509 praeclara
1110 2448 1350 2507 minantis,

169 2519 222 2564 Si
247 2533 446 2563 vacuum
471 2516 626 2576 tepido
651 2515 851 2576 cepisset
877 2513 1032 2558 villula
1057 2522 1193 2558 tecto.
1684 2511 1746 2561 10

167 2583 410 2632 Quorsum
436 2581 660 2642 pertinuit
684 2581 854 2640 stipare
883 2579 1077 2623 Platona
1103 2577 1395 2635 Menandr03
1475 2578 1478 2580 “

170 2647 390 2708 Eupolin,
417 2646 776 2701 Archilochum,
802 2644 998 2689 comites
1021 2645 1225 2689 educere
1249 2643 1435 2689 tantos?

171 2711 404 2758 Invidiam
429 2713 612 2772 placare
637 2727 771 2772 paras
792 2711 957 2754 virtute
983 2709 1179 2754 relicta?

172 2776 492 2823 Contemnere
518 2776 683 2821 miser:
722 2775 910 2820 vitanda
934 2784 1004 2820 est
1029 2773 1237 2834 improba
1263 2773 1399 2819 Siren

174 2840 394 2896 Desidia;
433 2851 527 2897 aut,
553 2841 777 2900 quidquid
803 2841 895 2885 vita
920 2839 1110 2884 meliore
1129 2837 1319 2898 parasti,
1685 2836 1746 2885 15

175 2906 453 2954 Ponendum
479 2920 610 2950 aeouo
634 2905 804 2950 animo

808 3008 1044 3035 HORATHJS.

891 3077 955 3124 Di
974 3087 1037 3137 te,
1062 3077 1365 3141 Damasippe,
1387 3080 1595 3142 demque,
