1841 3349
588 195 930 236 SATIRARUM
960 196 1070 235 LIB.
1101 195 1160 235 11.
1189 198 1227 235 5.

135 313 325 362 Primus
348 323 395 361 et
418 314 629 361 invenior
653 315 784 376 piper
810 314 985 371 album,
1013 330 1122 360 cum
1149 315 1244 361 sale
1269 314 1406 378 nigro

138 379 398 438 heretum,
423 380 551 441 puris
575 380 970 441 circumposuisse
995 381 1180 425 catillis

137 445 352 491 Immane
377 455 448 491 est
472 446 633 491 vitium
659 446 770 490 dare
796 445 942 490 millia
965 456 1099 491 terna
1124 445 1338 503 macello,

136 512 447 572 Angustoque
473 527 613 571 vagos
637 511 790 571 pisces
816 527 982 571 urgere
1007 511 1178 557 catino.

135 575 316 637 Magna
339 586 494 622 movet
518 578 759 622 stomacho
785 576 984 634 fastidia,
1011 593 1093 622 seu
1119 592 1234 638 puer
1259 575 1416 622 unctis

135 641 381 687 Tractavit
405 642 603 687 calicem
629 643 862 698 manibus,
889 643 999 687 dum
1027 643 1147 688 furta
1184 642 1392 703 ligurrit;

136 707 245 753 Sive
270 708 422 768 gravis
448 708 590 753 veteri
616 719 808 754 craterae
835 709 972 753 limus
998 708 1206 753 adiiaesit.

134 774 356 819 Vilibus
347 789 393 818 m
421 774 590 834 scopis,
617 774 663 819 in
690 774 885 833 mappis,
913 774 960 818 in
987 774 1144 830 scobe,
1170 782 1372 846 quantus

137 838 368 885 Consistit
392 840 639 899 sumptus?
675 839 921 900 neglectis,
950 838 1215 898 flagitium
1205 854 1388 900 iugens.

139 904 263 950 Ten'
292 904 471 965 lapides
496 921 646 950 vallos
671 905 903 949 lutulenta
928 905 1090 949 radere
1115 904 1290 965 palma,

136 969 198 1016 Et
223 970 394 1031 Tyrias
420 971 530 1015 dare
552 971 732 1015 circum
759 971 885 1016 illota
909 970 1073 1016 toralia
1097 981 1264 1027 vestes,

135 1035 350 1082 Oblitum
375 1034 550 1096 quanto
577 1052 739 1080 curam
766 1045 1095 1096 sumptumque
1122 1035 1352 1082 minorem

137 1101 258 1147 Haec
285 1102 503 1158 habeant,
529 1099 659 1146 tanto
686 1100 907 1162 reprendi
927 1100 1101 1162 justius
1128 1101 1218 1146 illis

134 1166 262 1217 Quae
286 1167 378 1213 nisi
404 1167 624 1213 divitibus
648 1177 885 1227 nequeant
909 1167 1185 1228 contingere
1211 1166 1424 1213 mensis?

775 1307 1015 1334 HORATIUS.

136 1380 289 1426 Docte
314 1379 438 1437 Cati,
462 1394 544 1440 per
569 1376 823 1424 amicitiam
850 1380 1072 1440 divosque
1096 1388 1304 1442 rogatus,

134 1445 325 1492 Ducere
349 1461 424 1490 me
449 1445 678 1502 auditum,
704 1461 871 1506 perges
895 1444 1198 1506 quocunque,
1225 1454 1477 1493 memento

136 1511 280 1570 Nam,
304 1511 516 1572 quamvis
540 1511 715 1556 referas
741 1511 935 1557 memori
963 1512 1076 1557 mihi
1102 1521 1292 1573 pectore
1316 1520 1507 1572 cuncta,

136 1577 249 1623 Non
274 1587 431 1623 tamen
459 1577 687 1638 interpres
711 1578 1028 1623 tantundem
1013 1578 1215 1638 juveris:
1254 1578 1376 1624 adde

135 1643 334 1689 Vultum
372 1643 683 1702 habitumque
701 1643 929 1698 hominis3
967 1659 1106 1703 quem
1131 1655 1181 1689 tu
1207 1643 1377 1689 vidisse
1403 1644 1567 1691 beatus

135 1708 248 1754 Non
274 1709 432 1769 magni
452 1709 634 1769 pendiS,
660 1708 768 1768 quia
792 1709 1012 1770 contigit:
1051 1718 1096 1754 at
1120 1709 1236 1754 mihi
1261 1724 1375 1756 cura

135 1773 249 1820 Non
274 1775 524 1820 mediocris
551 1774 687 1831 inest,
715 1775 865 1820 fontes
901 1784 950 1820 ut
970 1775 1098 1820 adire
1123 1784 1325 1821 remotos

136 1838 293 1902 Atque
319 1840 505 1887 haurire
528 1855 697 1901 queam
723 1840 828 1886 vitae
853 1850 1091 1903 praecepta
1115 1841 1277 1888 beatae.

730 2167 993 2232 SATIRA
1018 2168 1078 2217 V.

795 2324 992 2351 ULYSSES.

134 2414 243 2463 Hoc
266 2430 465 2476 quoque,
492 2413 696 2471 Tiresia,
721 2422 889 2474 praeter
914 2422 1115 2472 narrata,
1140 2414 1320 2475 petenti

136 2481 409 2541 Responde,
434 2479 602 2539 quibus
627 2480 821 2525 amissas
846 2495 1059 2540 reparare
1084 2494 1253 2540 queam
1277 2496 1352 2528 res

134 2546 332 2592 Artibus
357 2554 493 2605 atque
518 2544 681 2590 modiS.
751 2544 886 2594 Quid
912 2545 1070 2591 rides'!

785 2681 1003 2709 TIRESIAS.

1158 2752 1188 2798 J
1192 2769 1331 2800 amne
1355 2754 1516 2804 doloso

130 2821 248 2895 Non
268 2818 474 2921 satisqest
496 2817 710 2866 Ithacam
734 2818 909 2877 revehi,
934 2819 1198 2881 patriosque
1223 2820 1428 2868 Penates

131 2889 389 2949 Aspicere.

792 3008 986 3035 ULYSSES.

460 3079 506 3126 O
528 3079 644 3125 nulli
668 3081 920 3142 quidquam
952 3081 1163 3140 mentite,
1188 3082 1319 3128 vides
1343 3091 1394 3129 ut

132 3147 307 3196 Nudus
330 3148 556 3209 inopsque
580 3146 772 3194 domum
795 3147 1003 3207 redeam,
1022 3156 1068 3194 te
1092 3157 1223 3205 vate3
1259 3163 1411 3209 neque
1435 3147 1532 3196 illic

1632 199 1720 246 131
1774 176 1777 178 ’

1661 382 1724 428 75

1655 1841 1721 1889 95
