1841 3349
657 112 887 151 CARMIN
902 111 990 150 ΠΜ
1021 112 1128 149 LIB.
1161 112 1218 150 II.

371 230 532 277 Laetus
557 231 606 276 in
630 246 838 291 praesens
862 231 1050 276 animus
1074 231 1198 291 quod
1223 230 1347 278 ultra
1370 239 1444 279 est

369 296 540 342 Oderit
563 312 745 354 curare,
771 306 818 342 et
843 312 1003 341 amara
1026 297 1154 342 lento

371 362 633 424 Temperet
656 362 767 408 risu.
839 361 974 407 Nihil
1000 370 1072 407 est
1096 362 1154 407 ab
1180 362 1308 408 omni

700 428 839 473 Parte
865 428 1069 473 beatum.

372 493 584 540 Abstulit
608 493 788 539 clarum
814 494 908 539 cita
932 510 1057 539 mors
1084 493 1351 550 Achillem3

369 560 537 621 Longa
561 559 826 606 Tithonum
851 560 1022 605 minuit
1047 569 1299 616 senectus;

369 625 433 672 Et
456 626 572 671 mihi
598 626 770 683 forsan,
796 626 879 671 tibi
905 627 1029 686 quod
1054 625 1256 686 negarit,

702 692 915 752 Porriget
940 693 1066 736 hora.

371 757 448 803 Te
473 773 642 819 greges
667 766 861 802 centum
888 757 1158 817 Siculaeque
1183 757 1367 802 circum

371 822 599 885 Mugiunt
623 839 780 868 vaccae
803 839 812 878 3
851 823 936 868 tibi
960 823 1079 868 tollit
1104 823 1345 868 hinnitum

371 890 500 953 Apta
522 889 762 951 quadrigis
787 905 907 949 equa
922 906 932 945 3
970 898 1016 935 te
1042 889 1114 935 bis
1139 889 1258 936 Afro

702 954 890 1000 Murice
914 956 1074 1001 tinctae

370 1021 595 1068 Vestiunt
618 1021 738 1066 lanae
758 1037 768 1065 ·.
803 1021 920 1066 mihi
943 1037 1086 1082 parva
1109 1036 1218 1066 rura
1241 1028 1290 1067 et

373 1088 602 1148 Spiritum
626 1087 782 1132 Graiae
807 1095 1001 1132 tenuem
1026 1086 1270 1133 Camoenae

370 1153 522 1200 Parca
545 1169 640 1199 non
665 1153 871 1199 mendax
896 1153 1041 1209 dedit,
1067 1161 1114 1198 et
1137 1153 1401 1216 malignum

703 1219 937 1280 Spernere
963 1219 1144 1280 vulgus.

785 1481 924 1530 ODE
948 1482 1088 1530 XIV.

570 1600 636 1631 AD
661 1599 994 1631 MAECENATEM
1030 1598 1299 1630 AEGROTUM.

373 1683 483 1730 sz
506 1699 583 1729 me
606 1684 809 1745 querelis
833 1683 1077 1729 exanimas
1100 1682 1194 1728 tuis
1213 1682 1231 1727 s!

372 1749 481 1796 Nec
505 1749 579 1795 dis
604 1750 811 1795 amicum
836 1757 922 1806 est,
947 1764 1038 1793 nec
1062 1748 1194 1807 mihi,
1220 1755 1266 1793 te
1290 1744 1423 1809 prius

437 1814 603 1874 Obire‚
629 1814 889 1873 Maecenas,
914 1830 1130 1860 mearum

504 1881 697 1927 Grande
723 1882 871 1927 decus
896 1881 1212 1940 columenque
1236 1895 1409 1926 rerum.

374 1948 454 1993 Ah
476 1948 484 1992 !
523 1956 568 1992 te
593 1962 711 1991 meae
737 1947 775 1991 si
799 1954 980 2007 partem
1006 1946 1176 1990 animae
1201 1945 1322 2008 rapit

373 2012 604 2059 Maturior
627 2013 711 2070 vis,
737 2013 851 2073 quid
875 2027 1029 2057 moror
1054 2011 1215 2069 altera,

438 2078 549 2125 Nec
574 2094 711 2125 carus
737 2075 887 2139 aeque,
914 2093 1006 2122 nec
1031 2086 1268 2138 superstes

504 2144 696 2207 Integer
711 2146 729 2190 >l
765 2143 853 2190 Ille
879 2144 979 2189 dies
1004 2152 1252 2204 utramque
1300 2188 1303 2189 ⁷

372 2211 531 2257 Ducet
555 2212 755 2257 ruinam.
826 2209 942 2256 Non
967 2226 1056 2271 ego
1079 2209 1314 2271 perfidum

371 2277 482 2323 Dixi
508 2286 886 2323 sacramentum:
923 2276 1112 2334 ibimus,
1139 2276 1329 2335 ibimus,

440 2343 694 2405 Utcunque
721 2343 978 2404 praecedeS,
1005 2357 1279 2404 supremum

503 2409 711 2472 Carpere
737 2410 822 2455 iter
848 2409 1046 2455 comites
1069 2408 1233 2470 parati.

372 2474 455 2520 Me
479 2491 570 2521 nec
595 2476 846 2521 Chimaerae
872 2475 1061 2536 spiritus
1086 2475 1256 2536 igneas,

372 2539 496 2598 Nec,
523 2542 562 2585 si
586 2551 798 2602 resurgat
823 2542 1124 2587 centimanus
1148 2541 1327 2602 Gyges,

439 2605 642 2650 Divellet
666 2622 901 2665 unquam:
939 2607 1007 2651 sic
1031 2607 1212 2666 potenti

504 2670 533 2715 J
538 2670 707 2716 ustitia}
732 2671 1051 2731 placitumque
1076 2671 1253 2716 Parcis.

374 2736 472 2783 Seu
497 2736 655 2794 Libra,
682 2751 766 2781 seu
791 2751 866 2781 me
893 2735 1118 2796 Scorpius
1143 2735 1312 2798 aspicit

374 2802 745 2860 Formidolosus,
770 2817 876 2863 pars
900 2801 1146 2847 violentior

438 2867 624 2914 Natalis
649 2869 792 2925 horae,
819 2883 902 2913 seu
927 2877 1154 2929 tyrannus

506 2933 752 2995 Hesperiae
778 2933 1097 2994 Capricornus
1121 2933 1288 2990 undae3

374 2998 636 3059 Utrumque
660 2999 874 3046 nostrum
897 2999 1163 3045 incredibili
1187 3000 1328 3046 modo

376 3064 628 3112 Consentit
646 3074 837 3112 astrum.
909 3065 984 3111 Te
1009 3064 1138 3112 Jovis
1162 3065 1307 3127 impio

1695 114 1761 278 &003

1698 559 1762 606 30

1698 1218 1764 1266 40

1705 2276 1765 2323 10

1703 2605 1763 2653 15

1696 2933 1760 2982 20
