1841 3349
641 124 976 170 CARMINUM
1006 122 1129 185 LIB.>
1147 121 1206 160 11.

362 253 606 302 Oblivioso
628 249 751 296 levia
765 245 976 293 Massico

364 319 559 368 Ciboria
580 316 743 378 exple:
781 311 927 359 funde
952 306 1208 370 capacibus

431 385 690 445 Unguenta
713 381 773 426 de
797 376 1008 425 conchis
1061 372 1190 422 Quis
1213 370 1309 416 udo

498 450 825 511 Deproperare
850 444 956 505 apio
981 453 1179 486 coronas

367 518 574 564 Curatve
599 514 779 576 myrto?
815 525 957 572 quem
982 507 1149 552 Venus
1174 501 1400 548 arbitrum

368 584 513 630 Dicet
536 580 759 627 bibendi?
813 576 926 622 Non
950 589 1039 635 ego
1058 567 1223 617 sanius

437 647 715 696 Bacchabor
740 643 950 690 Edonis:
986 645 1178 698 recepto

503 714 660 760 Dulce
686 711 801 757 mihi
826 709 980 754 furere
1005 713 1076 750 est
1100 701 1269 749 amico.

807 967 948 1016 ODE
982 965 1070 1012 VI.

787 1085 853 1116 AD
872 1080 1110 1133 VA0LG1UM.

381 1177 500 1224 NON
525 1188 708 1235 semper
735 1170 908 1217 imbres
932 1165 1141 1213 nubibus
1165 1161 1374 1224 hispidos

383 1243 585 1290 Manant
608 1241 657 1285 in
683 1253 835 1299 agros,
861 1242 942 1280 aut
964 1248 1093 1278 mare
1119 1229 1348 1291 Caspium

449 1309 640 1355 Vexant
663 1301 920 1363 inaequales
938 1296 1158 1360 procellae

516 1373 676 1434 Usque
698 1388 707 1428 3
745 1384 836 1416 nec
856 1364 1101 1412 Armeniis
1125 1363 1174 1408 in
1197 1360 1307 1419 oris,

387 1440 560 1488 Amice
585 1437 743 1500 Valgi,
765 1443 856 1481 stat
879 1431 1056 1495 glacies
1080 1430 1207 1475 iners

387 1507 582 1554 Menses
605 1521 688 1567 per
712 1517 878 1550 omnes
899 1517 909 1556 3
948 1506 1029 1544 aut
1053 1492 1374 1556 Aquilonibus

453 1573 702 1622 Queroeta
724 1566 935 1629 Gargani
959 1564 1190 1620 laborant,

523 1638 587 1684 Et
611 1636 731 1684 foliis
750 1635 1004 1680 viduantur
1028 1629 1146 1675 orni.

392 1707 474 1755 Tu
499 1720 683 1765 semper
708 1716 849 1762 urges
874 1696 1109 1743 flebilibus
1132 1692 1287 1739 modis

394 1773 587 1835 Mysten
615 1770 913 1828 ademptum:
950 1778 1041 1809 nec
1064 1761 1150 1807 tibi
1169 1759 1383 1820 Vespero

464 1840 700 1898 Surgente
725 1832 966 1885 decedunt
991 1827 1191 1884 amores,

530 1902 641 1949 Nec
665 1900 882 1962 rapidum
902 1896 1114 1956 fugiente
1141 1891 1316 1938 Solem.

399 1972 468 2018 At
490 1985 587 2016 non
610 1977 680 2013 ter
706 1981 804 2010 aevo
829 1964 1022 2009 functus
1046 1957 1298 2005 amabilem

399 2035 605 2085 Ploravit
627 2047 792 2079 omnes
816 2027 1130 2074 Antilochum
1155 2037 1303 2068 senex

470 2103 667 2148 Annos:
704 2112 795 2143 nec
820 2093 1060 2155 impubem
1085 2097 1308 2152 parentes

537 2165 758 2222 Troilon,
784 2170 867 2208 aut
889 2157 1107 2220 Phrygiae
1133 2168 1330 2212 sorores,

403 2232 603 2282 Flevere
629 2245 827 2292 semper.
886 2226 1067 2271 Desine
1091 2221 1305 2268 mollium

405 2301 630 2348 Tandem
653 2295 976 2358 querelarum:
1012 2299 1060 2337 et
1082 2285 1239 2351 potius
1262 2300 1383 2331 nova

474 2366 738 2412 Cantemus
764 2359 972 2422 Augusti
997 2367 1173 2418 tropaea

542 2430 761 2486 Caesaris,
787 2436 834 2473 et
857 2425 1062 2487 rigidum
1087 2420 1348 2482 Niphaten,

411 2498 703 2558 Medumque
729 2494 923 2549 flumen,
950 2489 1171 2552 gentibus
1197 2484 1413 2531 additum

413 2564 583 2621 VictiS,
609 2563 816 2608 minores
835 2559 1018 2604 volvere
1044 2554 1259 2608 vortices,

480 2628 704 2686 Intraque
726 2624 1051 2686 praescriptum
1076 2619 1285 2665 Gelonos

546 2691 748 2754 Exiguis
771 2689 983 2750 equitare
1006 2684 1199 2745 campis.

1685 111 1751 160 27

1732 1744 1794 1792 lo

1736 2077 1799 2124 15
