1841 3349
115 141 210 190 132
658 136 710 183 Q.
740 135 983 176 HORATn
1012 133 1218 176 FLAcct

175 258 278 305 Aut
302 255 531 318 apotheca
554 255 710 317 procis
733 249 911 302 intacta
934 263 1020 314 est,
1046 263 1127 300 aut
1149 267 1323 314 pecus:
1360 232 1488 313 atqui

175 323 239 370 Et
260 338 429 385 genuS‚
454 331 501 368 et
525 321 685 380 virtus,
710 321 800 368 nisi
825 337 935 367 cum
959 337 1026 379 re,
1052 319 1181 366 vssior
1207 318 1312 380 aigei
1332 328 1417 364 est.

822 460 1041 486 TlRESIAS.

174 529 387 580 Quando
409 527 699 589 pauperiem,
719 527 874 572 missis
893 526 1186 587 ambagibus,
1211 524 1389 582 horres,

175 596 359 656 Accipe
383 595 476 654 qua
500 594 679 638 ratione
703 607 847 652 queas
872 592 1116 636 ditescere.
1187 588 1382 634 Turdus
1700 588 1762 637 lo

178 661 288 708 Sive
314 660 440 705 aliud
466 659 648 719 privum
675 658 860 703 dabitur
884 657 995 711 tibi;
1033 655 1215 701 devolet
1243 654 1354 699 illuc

176 726 280 772 Res
304 726 382 770 u'oi
409 740 580 785 magna
605 724 738 780 nitet,
765 723 956 768 domino
981 737 1117 776 sene;
1156 720 1312 766 dulcia
1338 734 1492 780 poma,

177 791 239 838 Et
262 806 564 852 quoscunque
591 789 705 835 feret
729 788 883 834 cultus
908 788 991 833 tibi
1019 787 1191 832 fundus
1218 786 1434 844 honores,

176 857 306 902 Ante
332 856 501 901 Larem
527 866 682 916 gustet
707 853 1014 899 venerabilior
1040 853 1159 898 Lare
1185 851 1314 896 dives
1336 867 1344 895 ε

145 952 155 956 -
173 921 275 971 Qui
300 922 510 982 quamvis
535 920 748 981 perjurus
771 920 874 977 erit,
900 919 1002 964 sine
1027 931 1185 979 gente,
1211 925 1435 962 cruentus
1699 916 1760 964 15

142 1007 144 1009 ·
177 987 422 1049 Sanguine
448 985 667 1042 fraterno,
694 985 947 1046 fugitivus;
985 1000 1046 1029 ne
1071 994 1229 1028 tamen
1255 981 1320 1027 illi

176 1052 258 1099 Tu
281 1068 441 1099 comes
465 1051 686 1109 exterior,
712 1051 750 1096 si
774 1050 992 1112 postulet,
1017 1049 1083 1095 ire
1108 1062 1311 1094 recuses

836 1189 1030 1215 ULYSSES.

175 1264 302 1311 Utne
325 1272 481 1325 tegam
506 1278 676 1324 spurco
699 1261 864 1308 Damae
890 1262 1043 1308 latus?
1080 1261 1206 1307 haud
1231 1260 1294 1306 ita
1318 1257 1478 1320 Trojae

176 1328 259 1377 Me
284 1329 427 1392 gessi,
452 1339 639 1376 certans
662 1344 846 1390 semper
870 1327 1154 1374 melioribus.

828 1451 1047 1477 TIRESIAS.

1231 1521 1361 1586 Ergo

175 1590 361 1653 Pauper
383 1589 488 1636 eris,

836 1712 1031 1738 ULYSSES.

570 1781 760 1830 Fortem
786 1783 876 1829 hoc
901 1783 1110 1829 animum
1137 1783 1335 1830 tolerare
1355 1782 1557 1844 jubeb02
1692 1781 1759 1830 2⁰

177 1848 241 1895 Et
261 1849 496 1909 quondam
524 1849 699 1910 majora
722 1848 820 1894 tuli.
892 1848 971 1894 Tu
997 1858 1236 1910 protenus,
1264 1850 1390 1895 unde

177 1913 379 1961 Divitias
405 1914 602 1975 aerisque
627 1930 778 1973 ruam,
803 1915 896 1973 dic,
923 1930 1088 1976 augur,
1114 1930 1317 1961 acervos

830 2038 1047 2063 TIRESIAS.

177 2110 289 2156 Dixi
313 2109 548 2169 equidem,
573 2117 620 2154 et
644 2109 763 2154 dico.
834 2110 1011 2169 Captes
1036 2117 1216 2154 astutus
1241 2108 1415 2167 ubique

177 2175 490 2221 Testamenta
514 2190 680 2219 senum
703 2190 711 2218 :
751 2190 860 2227 neu,
886 2174 924 2218 si
950 2174 1073 2219 vafer
1094 2189 1217 2218 unus
1241 2183 1287 2219 et
1312 2174 1427 2219 alter

177 2239 507 2286 Insidiatorem
533 2254 735 2299 praeroso
760 2239 941 2300 fugeret
967 2240 1120 2289 harno,
1689 2235 1757 2284 25

178 2307 278 2351 Aut
301 2320 429 2365 spem
456 2305 678 2364 deponas,
705 2313 784 2349 aut
809 2315 952 2349 artem
979 2304 1141 2348 illusus
1164 2315 1363 2348 omittas.

178 2370 358 2431 Magna
383 2369 589 2414 minorve
611 2369 707 2415 soro
732 2369 769 2413 si
791 2385 864 2413 res
888 2369 1141 2415 certabitur
1165 2368 1294 2426 olim,

178 2436 318 2482 Vivet
343 2444 441 2480 uter
466 2435 672 2495 locuples
696 2435 797 2480 sine
821 2435 990 2494 gnatiS‚
1017 2434 1254 2495 improbus
1279 2433 1399 2479 ultro

175 2501 278 2550 Qui
305 2500 542 2545 meliorem
569 2501 722 2545 audax
750 2509 881 2545 vocet
906 2500 953 2544 in
974 2500 1076 2560 jus;
1114 2499 1238 2544 iliius
1262 2508 1363 2545 esto

178 2565 434 2612 Defensor:
472 2566 594 2610 fama
620 2566 768 2610 civem
803 2567 1037 2625 causaque
1062 2565 1263 2625 priorem
1690 2562 1755 2610 3⁰

179 2632 376 2692 Sperne,
398 2631 522 2676 domi
547 2631 584 2675 si
609 2641 778 2691 gnatus
802 2631 888 2675 erit
914 2631 1188 2675 foecundave
1214 2629 1398 2689 conjux.

179 2699 208 2720 “
225 2696 455 2752 Quinte‚”
483 2706 609 2756 puta,
633 2707 715 2741 aut
740 2701 766 2719 “
788 2696 971 2753 Publi,''
1002 2695 1233 2757 (gaudent
1256 2693 1545 2754 praenomine
1567 2692 1732 2740 molles

179 2760 462 2823 Auriculae,)
491 2766 518 2785 “
546 2762 628 2807 tibi
654 2778 729 2807 me
754 2761 898 2807 virtus
922 2771 1003 2806 tua
1028 2760 1139 2805 fecit
1162 2760 1366 2805 amicum
1390 2775 1398 2803 :

179 2824 267 2871 Jus
291 2841 465 2885 anceps
491 2827 612 2883 novi,
639 2843 804 2871 causas
829 2827 1081 2871 defendere
1106 2839 1317 2885 possum:

179 2890 361 2951 Eripiet
383 2890 531 2950 quivis
554 2892 714 2936 oculos
738 2891 877 2937 citius
901 2891 1032 2947 mihi,
1057 2888 1197 2949 quarn
1223 2899 1268 2934 te
1687 2887 1752 2935 35

179 2955 513 3016 Contemptum
538 2957 671 3000 cassa
698 2972 819 3001 nuce
843 2964 1089 3016 pauperet:
1127 2955 1228 2999 haec
1253 2969 1358 2999 mea
1375 2968 1489 2998 cura
1510 2962 1597 3012 est,

179 3020 258 3066 Ne
281 3020 392 3081 quid
416 3029 466 3066 tu
485 3020 668 3081 perdas,
694 3035 786 3064 neu
811 3021 874 3065 sis
894 3021 1074 3080 jocus.''
1147 3018 1222 3064 lre
1246 3019 1437 3065 domum
1461 3027 1599 3078 atque

179 3085 455 3133 Pente-iiam
479 3100 645 3132 curare
664 3085 804 3146 jube:
840 3085 874 3131 fi
895 3085 1108 3146 cognitor
1132 3084 1243 3146 ipse.
