1841 3349
142 164 233 213 122
680 165 732 210 Q.
765 164 1007 204 HORATII
1038 164 1244 204 FLACCI

196 281 446 342 Desipiant
468 298 633 328 omnes
659 281 791 344 aeque
816 299 873 330 ac
897 294 965 343 tu,
989 285 1067 345 qni
1092 283 1175 330 tibi
1201 299 1374 330 nomen

197 346 375 394 Insano
398 347 613 409 posuere.
673 348 818 395 Velut
842 350 984 407 silvis,
1012 350 1090 395 ubi
1115 350 1287 410 passim

198 412 420 459 Palantes
445 430 571 460 error
597 424 725 460 certo
750 416 808 460 de
833 415 1018 461 tramite
1042 415 1188 475 pellit,

196 478 285 525 Ille
310 479 644 537 sinistrorsum,
672 481 750 525 hic
775 481 1067 526 dextrorsum
1094 481 1216 536 abit3
1255 496 1378 525 unus
1403 478 1587 541 utrique
1720 482 1786 529 50

196 543 356 602 Error,
382 546 465 590 sed
492 545 630 590 variis
656 546 809 590 illudit
827 546 1038 606 partibus
1060 562 1068 590 :
1107 546 1196 590 hoc
1221 555 1266 591 te

197 608 353 656 Crede
379 611 517 655 modo
544 611 780 668 insanum,
807 611 953 656 nihilo
978 620 1029 656 ut
1050 610 1303 670 sapientior
1329 611 1422 668 ille,

192 673 295 725 Qui
321 685 366 720 te
392 676 798 736 deridet,caudam
823 677 989 722 trahat.
1049 675 1134 721 Est
1158 691 1309 737 genus
1333 691 1480 721 unum

196 741 431 799 stultitiae,
458 741 657 786 nihilum
683 743 937 788 metuenda
961 741 1194 796 timentis3
1233 751 1283 787 ut
1308 741 1457 802 ignes,

194 806 258 854 Ut
282 823 436 868 rupe5‚
463 806 718 867 fluviosque
744 808 791 853 in
819 824 985 868 campo
1009 808 1192 852 obstare
1217 817 1463 867 queratur:
1537 802 1555 818 “
1717 808 1783 858 55

195 873 411 918 Alterum
438 882 484 917 et
509 873 618 918 huic
644 873 840 931 varium,
866 883 912 918 et
938 873 1085 918 nihilo
1110 872 1383 933 sapientius,
1410 872 1544 933 ignes

195 937 287 984 Per
312 938 495 983 medios
515 937 772 998 fluviosque
799 939 993 984 ruentis.
1053 938 1238 983 Clamet
1263 938 1416 983 amica

196 1001 367 1061 Mater,
395 1004 595 1049 honesta
620 1020 762 1061 soror,
788 1020 897 1050 cum
923 1004 1151 1064 cognatis,
1177 1013 1322 1064 pater,
1350 1019 1494 1049 uxor:

197 1072 207 1092 ‘
235 1069 333 1114 Hic
359 1068 479 1115 fossa
503 1079 573 1115 est
597 1070 766 1131 ingens
787 1070 796 1115 ἱ
835 1069 913 1115 hic
939 1085 1077 1130 rupes
1102 1070 1331 1115 maxima!
1370 1084 1500 1115 serva
1522 1069 1546 1114 !'

194 1134 305 1181 Non
331 1133 480 1195 magis
505 1136 720 1193 audierit,
745 1133 887 1195 quam
912 1134 1084 1180 Fusius
1108 1135 1265 1180 ebrius
1288 1135 1415 1193 olim,
1717 1138 1782 1187 60

191 1198 359 1250 Quum
386 1200 586 1248 Ilionam
612 1201 827 1258 edormit‚
854 1201 1066 1246 Catienis
1091 1201 1217 1246 mille
1242 1199 1476 1258 ducentis,

196 1270 207 1289 ‘
228 1265 399 1325 Mater,
420 1277 464 1313 te
490 1267 700 1329 appello‚'
728 1266 1055 1312 clamantibus.
1116 1267 1244 1312 Huic
1263 1283 1352 1328 ego
1375 1269 1564 1327 vulgum

195 1331 354 1378 Errori
381 1333 578 1378 similem
605 1343 830 1379 cunctum
859 1332 1063 1378 insanire
1089 1333 1282 1378 docebo.

195 1396 380 1443 Insanit
404 1407 581 1444 veteres
606 1408 782 1444 statuas
807 1397 1121 1459 Damasippus
1146 1399 1359 1445 emendo.

195 1462 388 1524 Integer
413 1474 482 1510 est
508 1464 678 1510 mentis
703 1463 978 1524 Damasippi
1004 1464 1236 1509 creditor?
1295 1463 1435 1510 Esto:
1711 1466 1775 1513 65

195 1532 206 1552 ‘
235 1529 418 1602 Accipe
437 1531 560 1589 quod
588 1545 826 1602 nunquam
855 1529 1023 1574 reddas
1048 1530 1192 1586 mihi‚'
1221 1530 1258 1575 si
1284 1530 1367 1575 tibi
1393 1530 1577 1587 dicam3

195 1593 374 1640 Tune
365 1611 558 1640 insanus
582 1596 673 1640 eris
699 1595 737 1640 si
763 1595 1017 1656 acceperis,
1045 1611 1103 1639 an
1130 1592 1281 1656 magis
1305 1611 1469 1641 excors

194 1659 398 1722 Rejecta
422 1662 580 1722 praeda
604 1677 744 1721 quam
770 1676 975 1722 praesens
1001 1659 1271 1706 Mercurius
1297 1661 1412 1707 fert.
1399 1662 1416 1693 '7

196 1726 361 1772 Scribe
386 1727 551 1772 decem
577 1744 604 1772 a
628 1726 775 1772 Nerio
797 1743 806 1771 :
843 1742 937 1772 non
963 1735 1033 1771 est
1057 1724 1195 1781 satis;
1235 1727 1356 1772 adde
1382 1726 1564 1772 Cicutae

194 1790 375 1837 Nodosi
400 1792 580 1838 tabulas
606 1802 825 1846 centum3
864 1792 991 1836 mille
1017 1792 1136 1836 adde
1162 1801 1380 1837 catenas:
1713 1793 1776 1839 70

195 1856 404 1918 Effugiet
427 1867 585 1903 tamen
612 1859 712 1903 haec
738 1858 992 1903 sceleratus
1017 1857 1204 1902 vincula
1229 1857 1437 1903 Proteus.

191 1921 359 1972 Quum
386 1924 537 1985 rapies
562 1924 610 1969 in
630 1924 707 1985 jus
732 1923 868 1969 malis
893 1924 1122 1968 ridentem
1150 1923 1329 1980 alienis,

194 1987 302 2034 Fiet
327 2005 452 2050 aper,
477 1987 618 2035 modo
644 1990 755 2046 avis,
781 1987 922 2035 modo
948 2004 1127 2046 saxum,
1153 1998 1215 2046 et,
1236 2004 1377 2049 quum
1399 1988 1533 2044 volet,
1559 1987 1706 2036 arbor.

192 2053 247 2099 Si
273 2053 396 2100 male
423 2071 519 2100 rem
546 2071 709 2116 gerere
736 2055 886 2100 insani
913 2063 1008 2110 est3
1048 2053 1212 2099 contra
1239 2055 1376 2112 bene,
1403 2054 1532 2100 sani:

190 2119 411 2165 Putidius
436 2118 583 2165 multo
610 2121 855 2165 cerebrum
881 2129 966 2177 est,
994 2120 1107 2164 mihi
1133 2121 1289 2177 crede,
1316 2119 1492 2178 Perilli,
1711 2120 1774 2166 75

193 2183 429 2230 Dictantis
452 2185 574 2246 quod
599 2195 650 2231 tu
674 2201 915 2245 nunquam
940 2185 1196 2230 rescribere
1216 2186 1378 2245 possis.

193 2249 391 2306 Audire,
417 2260 553 2311 atque
578 2260 734 2312 togam
756 2251 898 2311 jubeo
924 2266 1223 2310 componere,
1249 2251 1456 2310 quisquis

192 2315 467 2361 Ambitione
492 2317 615 2361 mala
641 2326 719 2361 aut
744 2316 924 2376 argenti
950 2315 1091 2375 pallet
1117 2331 1289 2373 amore,

189 2378 420 2441 Quisquis
446 2382 644 2437 luxuria,
670 2381 845 2426 tristive
872 2381 1216 2441 superstitione,

190 2446 292 2492 Aut
316 2447 405 2492 alio
430 2448 599 2492 mentis
625 2447 786 2492 morbo
811 2446 955 2501 calet3
995 2447 1086 2490 huc
1111 2443 1301 2506 propius
1326 2461 1418 2504 me,
1709 2446 1774 2493 80

189 2509 317 2558 Dum
342 2512 490 2558 doceo
516 2512 721 2557 insanire
741 2528 921 2568 omnes,
943 2527 1022 2557 vos
1045 2511 1210 2556 ordine
1236 2511 1373 2556 adite.

189 2575 361 2622 Danda
385 2587 453 2623 est
479 2577 670 2623 ellebori
695 2575 843 2622 multo
870 2593 976 2639 pars
1001 2577 1204 2621 maxima
1229 2576 1405 2622 avaris:

188 2641 365 2688 Nescio
389 2659 448 2688 an
471 2643 746 2703 Anticyram
773 2643 889 2688 ratio
913 2643 1001 2689 illis
1026 2643 1227 2687 destinet
1249 2655 1451 2688 omnem.

189 2705 418 2753 Haeredes
445 2708 631 2754 Staberi
657 2724 887 2753 summam
914 2706 1071 2753 incid(
1078 2724 1126 2752 re
1152 2707 1390 2768 sepulcro:

188 2769 253 2816 Ni
278 2771 346 2816 sic
372 2772 610 2830 fecissent,
636 2774 946 2845 gladiatorum
971 2774 1082 2817 dare
1107 2782 1299 2817 centum
1703 2771 1768 2818 85

187 2833 411 2881 Damnati
435 2839 606 2898 populo
630 2839 774 2898 paria,
801 2848 938 2911 atque
962 2837 1150 2898 epulum
1177 2837 1366 2882 arbitrio
1390 2836 1518 2895 Arri,

188 2898 435 2946 Frumenti
455 2913 680 2961 quantum
703 2904 834 2949 metit
860 2903 1036 2948 Africa.
1101 2902 1208 2947 Sive
1234 2918 1322 2963 ego
1344 2917 1504 2962 prave,

189 2964 286 3012 Seu
308 2963 455 3023 recte,
481 2967 569 3012 hoc
594 2967 732 3024 volui,
758 2984 818 3014 ne
843 2969 905 3013 sis
929 2976 1120 3028 patruus
1144 2968 1287 3013 mihi.’
1359 2966 1516 3013 Credo

190 3030 298 3077 Hoc
323 3031 506 3077 Staberi
530 3032 809 3092 prudentem
835 3033 1042 3077 animum
1069 3032 1292 3078 vidisse..
1316 3033 1356 3077 .'’
1384 3035 1413 3056 “
1429 3030 1564 3080 Quid
1587 3046 1700 3094 ergo
1826 3046 1841 3089 ⁴²

190 3095 365 3155 Sensit,
388 3112 533 3160 quum
556 3112 788 3144 summam
811 3095 1064 3158 patrimoni
1089 3097 1354 3159 insculpere
1378 3111 1490 3143 saxo
1699 3095 1765 3143 90
1836 3097 1841 3138 f
