1841 3349
582 215 911 257 CARMINUM
942 215 1050 254 LIB.
1081 214 1160 253 IV.

308 336 442 383 Coelo
465 334 607 381 Musa
631 336 750 381 beat.
811 335 892 380 Sic
916 333 1046 379 Jovis
1070 333 1264 378 interest

307 402 494 462 Optatis
518 401 669 462 epulis
694 400 892 461 impiger
918 399 1175 444 Hercules:

308 466 814 526 Claruanyndaridae
836 465 965 510 sidus
989 464 1048 508 ab
1073 461 1246 508 infimis
1271 513 1273 517 Α

308 531 524 581 Quassas
547 532 750 592 eripiunt
775 530 1038 590 aequoribus
1062 537 1211 573 rates:

310 596 520 643 Ornatus
545 598 677 642 viridi
705 607 913 657 tempora
939 594 1159 655 pampino

312 662 453 709 Liber
478 672 582 709 vota
608 663 752 708 bonos
778 662 909 706 ducit
933 661 991 706 ad
1016 660 1183 705 exitus.

724 919 862 967 ODE
896 917 1022 964 Vffl

719 1034 784 1064 AD
808 1032 1039 1063 LOLLIUM.

316 1121 396 1168 Nu
422 1117 540 1166 forte
566 1118 730 1164 credas
755 1116 999 1162 interitura
1021 1130 1141 1175 quae,

318 1184 483 1247 Longe
510 1194 755 1230 sonantem
782 1192 918 1227 natus
943 1182 998 1226 ad
1027 1180 1273 1238 Aufidum,

383 1251 494 1297 Non
522 1248 630 1295 ante
657 1248 869 1308 vulgatas
894 1263 974 1307 per
1000 1257 1122 1291 artes

448 1317 607 1362 Verba
631 1315 790 1374 loquor
816 1312 1040 1357 socianda
1064 1310 1265 1357 chordis.

319 1382 448 1440 Non,
475 1382 511 1427 si
540 1381 713 1442 priores
739 1377 974 1423 Maeonius
998 1385 1129 1422 tenet

318 1450 468 1495 Sedes
494 1447 746 1501 Homerus,
775 1443 1036 1489 Pindaricae
1062 1442 1224 1500 latent,

384 1514 605 1573 Ceaeque,
631 1521 678 1557 et
702 1510 854 1555 Alcaei
875 1510 1102 1565 minaces,

451 1578 800 1636 Stesichorique
825 1591 989 1635 graves
1014 1573 1281 1618 Camoenae:

319 1644 442 1702 Nec,
468 1644 505 1689 si
530 1643 642 1703 quid
666 1643 776 1688 olim
803 1641 912 1685 lusit
937 1640 1211 1698 Anacreon,

319 1710 506 1757 Delevit
530 1719 668 1754 aetas:
705 1707 848 1767 spirat
872 1706 1027 1750 adhuc
1052 1719 1198 1763 amor,

386 1776 658 1834 Vivuntque
682 1771 919 1818 commissi
945 1770 1124 1816 calores

455 1840 624 1886 AEoliae
651 1838 820 1883 fidibus
845 1836 1027 1898 puellae.

321 1906 433 1954 Non
458 1905 555 1950 sola
578 1913 789 1964 comptos
813 1902 923 1947 arsit
948 1901 1148 1946 adulteri

321 1972 509 2027 Crines,
535 1979 582 2015 et
606 1984 771 2014 aurum
801 1967 1006 2012 vestibus
1031 1966 1196 2011 illitum

390 2036 579 2092 Mirata‚
605 2034 876 2095 regalesque
901 2032 1072 2089 cultus,

455 2101 516 2146 Et
540 2100 751 2155 comites,
779 2098 964 2143 Helene
990 2097 1216 2142 Lacaena:

323 2168 565 2215 Primusve
591 2165 782 2211 Teucer
807 2164 899 2223 tela
924 2163 1141 2223 Cydonio

325 2233 511 2280 Direxit
535 2247 674 2277 arcu:
711 2246 806 2276 non
831 2229 973 2274 semel
1001 2228 1114 2274 Ilios

390 2300 574 2345 Vexata
596 2314 605 2343 :
642 2313 736 2342 non
762 2295 987 2356 pugnavit
1011 2295 1180 2355 ingens

458 2364 743 2410 Idomeneus
770 2361 1079 2406 Sthenelusve
1105 2359 1229 2406 solus

327 2431 546 2477 Dicenda
572 2428 724 2473 Musis
747 2427 932 2488 proelia:
971 2442 1065 2471 non
1091 2425 1221 2471 ferox

329 2497 525 2552 Hector,
551 2494 621 2540 vel
649 2510 755 2539 acer
782 2492 1060 2553 Deiphobus
1085 2505 1250 2552 graves

394 2560 596 2619 Excepit
620 2559 741 2604 ictus
766 2574 848 2618 pro
882 2557 1068 2618 pudicis

459 2623 754 2683 Conjugibus
779 2624 1026 2682 puerisque
1051 2621 1242 2681 primus.

274 2739 276 2743 ,
330 2687 506 2737 Vixere
531 2689 671 2733 fortes
696 2697 802 2731 ante
829 2687 1192 2745 Agamemnona

333 2755 500 2802 Multi:
538 2754 619 2798 sed
643 2767 809 2798 omnes
835 2750 1195 2810 illacrymabiles

396 2821 650 2881 Urgentur,
677 2817 933 2879 ignotique,
960 2815 1101 2877 longa

463 2885 636 2941 Nocte,
662 2892 824 2929 carent
847 2881 956 2942 quia
981 2892 1083 2926 vate
1108 2895 1253 2927 sacro.

333 2948 536 2998 Paulum
562 2949 754 3010 sepultae
781 2948 920 2993 distat
945 2947 1124 2992 inertiae

333 3017 500 3064 Celata
523 3016 679 3061 virtuS.
739 3013 785 3058 N
791 3030 851 3059 on
877 3029 964 3074 ego
988 3023 1033 3058 te
1060 3012 1176 3058 meis

399 3081 590 3128 Chartis
615 3081 882 3126 inornatum
908 3078 1073 3136 silebo,

465 3145 619 3193 Totve
643 3154 749 3191 tuos
771 3145 920 3206 patiar
943 3144 1126 3190 labores

1645 1699 1706 1748 10

1649 2027 1710 2075 15

1646 2353 1713 2402 20
