1841 3349
41 142 136 190 142
384 152 385 157 ¹
573 137 625 183 Q.
655 136 899 176 HORATH
927 133 1149 176 FLAccr.

111 258 295 306 Erucas
318 257 508 316 virides,
534 257 689 303 inulas
712 271 802 317 ego
823 255 1003 317 primus
1028 269 1211 300 amaras

107 323 369 370 Monstravi
394 324 677 384 incoquere;
715 321 871 367 illutos
895 320 1124 367 Curtillus
1147 318 1364 378 echinos,

106 389 170 436 Ut
193 387 362 436 melius
403 389 720 449 muria,quam
746 397 865 433 testa
889 387 1071 432 marina.
1093 384 1298 431 remittit.
1309 384 1334 405 ’'

107 453 299 500 Interea
322 470 552 516 suspensa
574 469 741 516 graves
766 452 915 497 aulaea
938 453 1100 496 ruinas

108 520 166 566 In
191 521 398 581 patinam
423 519 597 577 secere,
624 518 858 564 trahentia
880 516 1084 577 pulveris
1109 515 1194 560 atri

107 585 360 635 Quantum
385 601 480 631 non
506 584 682 645 Aquilo
707 581 965 642 Campanis
989 581 1164 626 excitat
1187 579 1323 640 agris.

110 651 213 697 Nos
238 651 389 712 majus
413 650 563 707 veriti,
587 657 832 710 postquam
859 646 974 691 nihil
1002 661 1105 691 esse
1129 645 1297 705 pericli

111 716 376 773 Sensimus,
401 716 638 776 erigimur.
710 712 869 758 Rufus
893 711 1042 772 posito
1067 710 1240 771 capite,
1265 717 1317 754 ut
1340 709 1378 755 si

114 782 266 827 Filius
290 782 570 826 immaturus
593 778 786 835 obisset,
811 777 935 822 flere.
1005 776 1132 825 Quis
1157 783 1281 820 esset

115 847 265 909 FiniS,
291 847 339 892 ni
367 847 554 907 sapiens
578 846 646 890 sic
671 843 1003 889 Nomentanus
1028 841 1235 886 amicum

113 912 362 958 Tolleret'!
433 916 461 935 “
483 911 593 955 Heu
618 908 854 955 Fortuna!
892 907 995 966 quis
1021 917 1091 952 est
1115 905 1350 951 crudelior
1374 905 1424 950 in
1447 920 1534 952 nos

113 977 190 1023 Te
216 978 365 1022 deus?
403 986 453 1022 ut
478 990 660 1035 semper
685 973 864 1034 gaudes
889 972 1084 1016 illudere
1109 971 1250 1016 rebus

114 1042 378 1089 Humanis!
398 1043 422 1062 ’³
472 1041 645 1087 Varius
669 1038 838 1099 mappa
862 1052 1162 1098 composcere
1189 1036 1335 1080 risum

115 1109 209 1154 Vix
234 1116 426 1168 poterat.
497 1106 700 1163 Balatro,
727 1103 1020 1164 suspendens
1039 1103 1198 1148 omnia
1223 1117 1354 1159 naso,

116 1178 145 1198 “
174 1174 293 1218 Haec
317 1183 388 1218 est
412 1172 619 1218 conditio
644 1170 879 1227 vivendi,''
909 1169 1089 1223 aiebat3
1129 1172 1157 1191 “
1185 1165 1338 1226 eoque

117 1239 426 1300 Responsura
449 1248 530 1284 tuo
554 1251 795 1296 nunquam
820 1243 889 1280 est
913 1251 995 1295 par
1023 1234 1145 1279 fama
1168 1232 1329 1278 labori.

118 1305 275 1362 Tene,
301 1313 352 1349 ut
375 1320 463 1365 ego
489 1303 691 1363 accipiar
716 1299 861 1358 laute,
886 1299 1142 1360 torquerier
1166 1298 1295 1344 omni

118 1370 451 1416 Sollicitudine
477 1368 777 1414 districtum?
812 1382 872 1411 ne
896 1366 1031 1426 panis
1056 1365 1268 1422 adustus,

121 1435 199 1482 Ne
225 1433 346 1480 male
370 1435 617 1480 conditum
639 1434 715 1494 jus
741 1432 1030 1492 apponatur?
1067 1439 1118 1475 ut
1141 1445 1306 1475 omnes

122 1500 376 1547 Praecincti
402 1498 532 1545 recte
558 1498 691 1560 pueri
718 1497 985 1558 comptique
1010 1495 1309 1540 ministrent?

123 1567 265 1612 Adde
291 1567 374 1611 hos
398 1575 625 1626 praeterea
648 1579 813 1609 casus:
851 1563 999 1607 aulaea
1023 1570 1162 1606 ruant
1186 1560 1240 1618 si,

121 1631 186 1678 Ut
209 1629 377 1683 modo;
415 1631 452 1676 si
477 1631 683 1692 patinam
708 1630 828 1690 pede
851 1628 1008 1689 lapsus
1034 1627 1216 1687 frangat
1241 1639 1394 1687 agaso.

124 1698 220 1743 Sed
245 1696 570 1754 convivatoris,
596 1693 664 1741 uti
689 1695 840 1752 ducis,
867 1693 1111 1754 ingenium
1137 1707 1211 1737 res

123 1763 348 1809 Adversae
374 1763 552 1807 nudare
577 1761 742 1818 solent,
768 1760 922 1805 celare
947 1757 1216 1803 secundae.’'

123 1827 418 1874 Nasidienus
444 1828 502 1872 ad
529 1828 656 1872 haec:
694 1825 851 1871 “Tibi
877 1824 942 1881 di,
967 1837 1260 1884 quaecunque
1285 1819 1507 1882 preceris,

124 1893 387 1938 Commoda
411 1894 549 1944 dent3
587 1893 650 1934 ita
669 1892 732 1932 vir
760 1892 911 1931 bonus
935 1900 985 1929 es
1009 1889 1294 1943 convivaque
1320 1884 1516 1928 comis.’'

125 1956 188 2002 Et
212 1957 360 2002 soleas
384 1955 547 2016 poscit.
619 1952 747 1999 Tum
774 1952 822 1997 in
847 1951 970 1997 lecto
993 1965 1177 2010 quoque
1202 1949 1383 1995 videres

127 2023 337 2068 Stridere
363 2020 544 2066 secreta
564 2019 736 2065 divisos
760 2033 873 2064 aure
898 2031 1124 2062 susurros,

759 2142 996 2168 HORATIUS.

129 2219 301 2266 Nullos
325 2218 398 2264 his
422 2217 607 2263 mallem
632 2216 768 2262 ludos
793 2214 1058 2276 spectasse:
1095 2214 1177 2259 sed
1198 2213 1275 2259 illa

129 2286 320 2342 Redde,
346 2300 450 2345 age,
474 2299 577 2344 quae
602 2282 827 2342 deinceps
850 2280 1006 2325 risisti.

753 2420 1016 2446 FUNDANIUS.

1151 2472 1372 2518 Vibidius
1397 2472 1509 2518 dum

128 2545 320 2597 Quoerit
343 2545 401 2590 de
426 2543 585 2605 pueris
608 2558 721 2587 num
748 2541 805 2587 sit
829 2556 1011 2601 quoque
1037 2539 1182 2584 fracta
1206 2539 1391 2599 lagena,

131 2610 281 2661 Quod
307 2610 390 2655 sibi
419 2609 628 2670 poscenti
653 2624 747 2653 non
773 2608 941 2652 dentur
965 2605 1158 2666 pocula3
1197 2605 1401 2665 dumque

133 2677 339 2723 Ridetur
364 2675 484 2720 fictis
510 2689 680 2731 rerum,
707 2673 954 2718 Balatrone
979 2671 1216 2726 secundo;

133 2741 412 2798 Nasidiene‚
437 2740 561 2785 redis
585 2748 771 2784 mutatae
798 2737 975 2793 frontis,
1001 2746 1051 2781 ut
1075 2745 1170 2780 arte

136 2805 487 2852 Emendaturus
513 2805 772 2859 fortunam3
810 2803 982 2847 deinde
1009 2799 1191 2860 sequuti

138 2870 425 2916 Mazonomo
448 2871 580 2928 pueri
608 2885 778 2929 magno
803 2869 1035 2927 discerpta
1061 2865 1261 2909 ferentes

139 2936 355 2982 Membra
377 2934 522 2995 gruis,
547 2935 692 2993 sparsi
718 2934 812 2978 sale
839 2932 1000 2987 multo,
1026 2945 1118 2975 non
1145 2929 1245 2973 sine
1272 2928 1405 2987 farre,

139 3000 403 3062 Pinguibus
425 3007 474 3044 et
497 2997 598 3044 ficis
620 3007 803 3059 pastum
825 2997 959 3058 jecur
979 2994 1157 3041 anseris
1180 2993 1296 3050 albi3

1635 839 1701 886 60

1638 1491 1704 1538 70

1643 2471 1708 2520 80

1645 2796 1711 2843 85
