1841 3349
631 148 681 193 Q.
712 146 956 186 HORATII
986 145 1193 186 FLACCI

348 268 446 315 Seu
470 267 568 313 visa
591 275 664 314 est
687 267 855 313 catulis
879 281 1018 313 cerva
1039 263 1275 322 fidelibus,

344 334 443 380 Seu
466 333 591 394 rupit
612 341 784 379 teretes
809 331 996 378 Marsus
1020 346 1128 392 aper
1151 330 1326 391 plagas.

347 398 431 445 Me
457 399 700 444 doctarum
725 399 878 444 ederae
903 397 1094 459 praemia
1119 396 1342 442 frontium

346 463 436 511 Dis
459 464 662 510 miscent
687 464 890 524 superis3
928 478 1003 508 me
1027 461 1237 523 gelidum
1258 475 1445 519 nemus,

349 529 775 591 Nympharumque
799 530 923 575 leves
949 542 1058 574 cum
1085 528 1265 586 Satyris
1289 525 1437 583 chori,

351 596 621 642 Secernunt
644 595 837 656 populo;
877 595 915 639 si
940 608 1092 652 noque
1117 592 1256 637 tibias

348 661 558 721 Euterpe
579 661 785 717 cohibet,
809 674 899 705 nec
925 657 1236 718 Polyhymnia

348 726 588 773 Lesboiim
612 725 784 786 refugit
807 724 1001 770 tendere
1027 722 1253 768 barbiton.

349 789 500 841 Quod
525 792 564 837 si
588 807 664 837 me
688 791 847 851 lyricis
872 789 1054 835 vatibus
1078 789 1275 845 inseres,

353 857 556 904 Sublimi
582 857 746 903 feriam
769 856 925 902 sidera
947 854 1136 900 vertice.

789 1112 930 1160 ODE
964 1111 1032 1158 ΙΙ.

598 1229 664 1259 AD
688 1227 959 1260 AUGUSTUM
985 1225 1244 1256 CAESAREM.

355 1312 461 1359 ΞΛΜ
486 1309 599 1358 satis
622 1310 758 1356 terris
782 1309 902 1355 nivis
927 1317 1064 1370 atque
1089 1308 1202 1354 dirae

353 1377 612 1424 Grandinis
635 1375 762 1421 misit
785 1375 939 1432 Pater,
964 1383 1027 1432 et,
1052 1375 1252 1420 rubente

354 1443 565 1490 Dextera
589 1457 747 1488 sacras
766 1441 1001 1503 jaculatus
1025 1455 1177 1498 arces,

671 1506 866 1553 Terruit
888 1506 1077 1552 urbem:

355 1573 551 1620 Terruit
573 1582 756 1635 gentes,
775 1588 915 1634 grave
939 1587 1000 1617 ne
1024 1571 1197 1616 rediret

356 1640 596 1686 Saeculum
620 1639 828 1699 Pyrrhae,
853 1653 976 1684 nova
998 1646 1206 1682 monstra
1229 1643 1433 1696 questae·
1420 1670 1433 1692 ,

357 1705 517 1752 Omne
541 1719 685 1766 quum
711 1704 908 1750 Proteus
930 1718 1078 1764 pecus
1096 1702 1217 1771 egit
1201 1701 1340 1757 altos

685 1769 853 1815 Visere
877 1777 1096 1824 montes;
1092 1777 1166 1811 ‘-
1177 1750 1243 1810 ,ἢ
1303 1783 1324 1794 *-

355 1836 565 1883 Piscium
590 1843 637 1881 et
659 1850 846 1881 summa
871 1850 1022 1896 genus
1047 1804 1189 1906 haesm
1200 1813 1366 1892 ffimo',

358 1901 487 1948 Nota
510 1916 613 1962 quae
638 1901 774 1947 sedes
799 1901 950 1946 suerat
973 1884 1252 1955 columbfsjz

355 1967 419 2013 Et
443 1966 706 2028 superjecto
728 1966 908 2028 pavidae
932 1965 1157 2010 natarunt

622 2031 831 2089 AEquore
856 2031 1022 2074 damae.

356 2097 577 2144 Vidimus
601 2094 771 2139 flavum
796 2093 1030 2150 Tiberim,
1054 2092 1240 2139 retortis

358 2161 537 2208 Littore
563 2160 764 2205 Etrusco
788 2159 1012 2204 violenter
1039 2157 1194 2216 undis,

361 2227 438 2273 Ire
463 2226 699 2288 dejectum
725 2233 1031 2271 monumenta
1054 2223 1194 2284 regis,

625 2290 920 2351 Templaque
945 2289 1104 2335 Vestae
1124 2304 1133 2333 ε

360 2358 461 2404 Iliae
487 2358 599 2402 dum
624 2372 674 2402 se
698 2354 898 2402 nimium
923 2353 1138 2415 querenti

362 2423 392 2469 J
397 2432 521 2469 actat
544 2423 759 2479 ultorem,
786 2437 930 2482 vagus
953 2428 1001 2466 et
1025 2418 1214 2465 sinistra

362 2489 557 2536 Labitur
581 2488 699 2549 ripa,
725 2486 840 2533 Jove
866 2502 959 2532 non
984 2485 1226 2546 probante,
1251 2498 1301 2530 u-

626 2568 784 2598 xorius
808 2567 973 2597 amnis.

364 2619 544 2665 Audiet
566 2619 692 2664 cives
717 2618 900 2663 acuisse
925 2617 1098 2662 ferrum

363 2684 479 2734 Quo
503 2699 667 2745 graves
691 2683 847 2729 Persae
872 2679 1042 2728 melius
1065 2679 1299 2742 perirent3

365 2749 546 2795 Audiet
567 2764 767 2809 pugnas,
793 2748 903 2793 vitio
927 2745 1175 2808 parentum

628 2813 775 2870 Rara,
797 2813 1030 2874 juventus.

363 2877 527 2928 Quem
552 2887 686 2924 vocet
710 2877 868 2923 divum
890 2876 1090 2954 populus
1113 2873 1294 2921 ruentis

366 2942 543 3006 Imperi
567 2943 740 2989 rebus?
775 2958 934 3020 prece
939 2957 1032 3002 qua
1057 2941 1254 3002 fatigent

365 3010 588 3072 Virgines
612 3017 787 3054 sanctae
811 3006 969 3053 minus
993 3005 1264 3053 audientem

628 3073 856 3122 Carmina
874 3072 1070 3119 Vestam
1087 3072 1107 3118 ’ἱ

1672 458 1735 505 30

1678 783 1745 832 35

1687 1887 1751 1942 10*

1688 2220 1749 2268 15
