1841 3349
46 171 140 222 152
583 165 637 214 Q.
668 163 909 206 HORATII
940 148 1145 204 FLAccr

23 319 45 338 η
110 290 164 336 Si
186 295 345 351 posset
367 295 561 336 centum
587 302 743 333 scenae
767 285 975 348 praebere
1001 291 1208 344 rogatUS,

39 367 62 395 -·‘
109 359 140 380 “
156 354 469 416 Qui.p0ssum
488 362 556 400 tot
569 353 618 398 '2''
647 353 737 398 ait:
773 356 801 375 “
818 361 977 397 tamen
997 358 1043 394 et
1062 353 1284 408 quaeram',
1305 352 1351 391 et
1375 350 1486 405 quot
1503 342 1686 390 habebo

111 420 347 467 Mittam.''
417 417 532 465 Post
555 416 697 481 paulo
723 416 885 463 scribit
910 415 997 460 sibi
1023 413 1169 458 millia
1193 412 1399 473 quinque

112 486 233 533 Esse
258 485 384 532 domi
409 484 713 545 chlamydum
733 500 743 539 ;
781 490 979 543 partem,
1006 479 1075 524 vel
1102 478 1285 524 tolleret
1307 491 1485 523 omnes.

111 551 262 598 Exilis
286 552 452 597 domus
476 559 562 607 est,
589 549 668 594 ubi
694 564 788 593 non
813 556 860 592 et
885 545 1031 590 multa
1056 551 1324 604 supersunt,
1622 539 1687 586 45

111 617 174 665 Et
199 618 441 664 dominum
469 615 650 670 fallunt,
676 622 723 658 et
746 620 942 673 prosunt
967 609 1160 654 furibus,
1232 606 1376 669 Ergo,

114 683 167 730 Si
192 699 266 730 res
291 681 389 728 sola
412 690 565 742 potest
592 679 746 724 facere
771 687 817 723 et
841 691 1025 722 servare
1052 675 1258 730 beatum,

112 750 221 796 Hoc
244 748 421 810 primus
446 756 629 807 repetas
652 760 785 805 opus,
809 744 899 788 hoc
923 750 1186 802 postremus
1210 738 1409 784 omittas.

114 816 167 861 Si
192 815 478 861 fortunatum
503 810 686 872 species
710 819 756 854 et
781 807 929 869 gratia
954 815 1158 867 praestat,

111 879 381 927 Mercemur
407 893 590 923 servum
615 876 694 936 qui
719 874 866 919 dictet
890 873 1097 927 nomina,
1123 871 1291 915 laevum
1622 866 1687 912 50

109 946 213 996 Qui
240 946 411 991 fodicet
434 943 570 1000 latus,
595 951 642 987 et
666 949 802 1000 cogat
826 949 953 984 trans
977 937 1182 998 pondera
1208 936 1418 980 dextram

111 1012 382 1072 Porrigere:
420 1013 448 1032 “
477 1008 572 1053 Hic
596 1003 794 1052 multiim
823 1005 870 1049 in
897 1003 1044 1048 Fabia
1072 1001 1204 1056 valet,
1231 1000 1307 1044 ille
1333 997 1530 1044 Velina:

113 1077 322 1124 Cuilibet
346 1075 424 1121 hic
450 1074 599 1119 fasces
624 1072 777 1126 dabit3
816 1069 1072 1130 eripietque
1098 1066 1294 1123 curules

113 1144 206 1189 Cui
230 1143 365 1199 volet,
391 1141 700 1201 importunus,
725 1138 868 1182 ebur:
906 1139 916 1157 ‘
937 1133 1130 1190 Frater,'
1167 1136 1176 1154 ‘
1205 1131 1372 1188 Pater,'
1401 1129 1520 1175 adde
1536 1145 1546 1185 ;

113 1209 178 1256 Ut
201 1208 370 1268 cuique
395 1216 465 1252 est
490 1217 618 1263 aetas,
645 1205 709 1249 ita
732 1216 962 1262 quemque
984 1200 1163 1245 facetus
1188 1197 1401 1257 adopta.’'
1625 1193 1689 1239 55

70 1275 85 1295 ³
115 1275 184 1333 Si,
210 1275 330 1319 bene
354 1273 433 1333 qui
458 1282 630 1328 coenat,
659 1271 776 1314 bene
803 1268 933 1322 vivit3
971 1266 1113 1321 lucet,
1140 1278 1302 1308 eamus

113 1338 230 1390 Quo
257 1338 387 1384 ducit
411 1338 547 1399 gula:
584 1336 837 1397 piscemur,
864 1346 1114 1385 venemur;
1153 1339 1203 1374 ut
1226 1328 1338 1373 olim

115 1405 368 1467 Gargilius,
393 1403 470 1464 qui
496 1399 635 1447 mane
663 1400 838 1461 plagas,
864 1396 1108 1452 venabula,
1135 1409 1307 1450 servos,

116 1471 366 1518 Differtuin
390 1468 587 1514 transire
614 1468 761 1512 forum
785 1463 1099 1524 populumque
1120 1459 1327 1520 jubebat,

117 1537 252 1583 Unus
277 1546 326 1582 ut
349 1551 374 1580 e
400 1534 574 1591 multis,
600 1531 770 1593 populo
795 1537 1053 1590 spectante,
1079 1525 1270 1570 referret
1625 1520 1689 1567 60

117 1602 341 1663 Emptum
367 1600 520 1645 mulus
545 1612 723 1659 aprum.
794 1594 941 1639 Crudi
967 1591 1225 1650 tumidique
1250 1589 1476 1646 lavemur,

117 1668 253 1718 Quid
278 1668 459 1723 deceat,
485 1664 597 1725 quid
622 1678 733 1719 non,
757 1660 905 1716 obliti,
932 1657 1102 1703 Caerite
1128 1656 1238 1700 cera

120 1733 286 1795 Digni,
311 1731 561 1792 remigium
587 1728 804 1773 vitiosum
831 1723 1101 1783 Ithacensis,
1121 1720 1319 1781 Ulyssei,

120 1799 214 1846 Cui
238 1799 386 1860 potior
410 1796 560 1858 patria
585 1794 671 1839 fuit
696 1792 951 1838 interdicta*
968 1789 1188 1847 voluptas.

122 1865 192 1923 Si,
218 1864 532 1910 Mimnermus
558 1857 625 1905 uti
652 1867 830 1914 censet,
857 1857 958 1900 sine
984 1868 1140 1899 amore
1162 1850 1371 1912 jocisque
1625 1846 1689 1893 65

120 1929 205 1976 Nil
229 1939 298 1976 est
317 1927 607 1990 jucundum;
645 1924 770 1969 vivas
794 1923 840 1967 in
867 1936 1022 1966 amore
1043 1919 1267 1980 jocisque.

186 1996 323 2053 Vive,
348 1995 470 2040 vale:
508 1994 546 2038 si
570 1991 681 2052 quid
706 1988 874 2035 novisti
898 1986 1071 2043 rectius
1097 1984 1210 2040 istis,

122 2061 368 2109 Candidus
392 2058 576 2121 imperti
597 2074 607 2113 ;
645 2056 682 2102 si
707 2071 819 2112 non,
845 2053 916 2099 his
940 2047 1070 2097 uteie
1096 2062 1296 2095 mecum.

635 2313 970 2363 EPISTOLA
1002 2310 1114 2357 VII.

660 2430 725 2459 AD
750 2425 1091 2458 MAECENATEM.

123 2523 367 2573 QUINQUE
393 2518 494 2564 dies
516 2515 600 2562 tibi
625 2513 858 2575 pollicitus
882 2525 956 2554 me
981 2523 1086 2554 rure
1114 2506 1335 2563 futurum,

127 2588 352 2636 Sextilem
377 2594 523 2631 totum
550 2580 752 2627 mendax
776 2577 1025 2622 desideror.
1097 2572 1259 2632 Atqui,

129 2655 181 2701 Si
205 2669 279 2698 me
306 2652 455 2696 vivere
481 2649 563 2705 viS,
591 2643 811 2704 recteque
837 2643 992 2687 videre
1017 2638 1264 2693 valentem,

127 2719 288 2767 Quam
314 2716 427 2761 mihi
452 2715 535 2759 das
560 2727 697 2773 aegro,
723 2709 854 2754 dabis
881 2715 1103 2767 aegrotare
1128 2700 1327 2759 timenti,

131 2782 386 2837 Maecenas,
411 2780 620 2832 veniarn3
658 2777 768 2820 dum
797 2774 913 2818 ficus
937 2771 1085 2832 prima
1109 2769 1327 2826 calorque
1666 2761 1698 2806 5

131 2847 491 2907 Designatorem
520 2844 710 2887 decorat.
734 2838 974 2885 lictoribus
999 2834 1132 2887 atris;

132 2913 258 2959 Dum
285 2910 439 2972 pueris
462 2907 612 2952 omnis
637 2915 764 2966 pater
789 2914 835 2949 et
860 2898 1115 2947 matercula
1138 2895 1307 2957 pallet3

133 2977 450 3035 Officiosaque
475 2971 696 3016 sedulitas
719 2979 765 3013 et
787 2967 939 3027 opella
963 2962 1158 3010 forensis

136 3041 348 3089 Adducit
373 3039 522 3085 febres
545 3045 591 3081 et
614 3043 893 3079 testamenta
916 3029 1134 3087 resignat.
1363 3058 1365 3060 .

135 3106 287 3158 Quod
309 3106 348 3152 si
372 3105 537 3151 bruma
558 3099 690 3147 nives
713 3097 913 3143 Albanis
936 3094 1085 3140 illinet
1108 3090 1247 3154 agris,
1642 3081 1701 3129 10
