1841 3349
607 147 941 188 CARMINUM
969 150 1080 190 LIB.
1109 153 1171 190 lv

333 263 516 310 Merses
537 264 785 325 profundo,
810 267 1048 327 pulchrior
1072 271 1254 319 evenit:

338 329 550 387 Luctere,
577 331 726 376 multa
751 343 940 392 proruet
965 335 1201 396 integrum

397 394 521 439 Cum
546 395 687 442 laude
713 398 952 457 victorem,
978 411 1201 462 geretque

461 460 632 506 Proelia
655 464 936 525 conjugibus
959 466 1208 526 loquenda.

329 524 606 587 Carthagini
626 527 722 588 jani
749 545 842 575 non
867 547 955 592 ego
982 533 1173 579 nuntios

329 589 517 636 Mittam
543 595 794 654 superbos:
831 598 1023 656 occidit,
1049 599 1226 646 occidit

396 657 515 718 Spes
539 660 692 704 omnis
716 671 760 705 et
782 662 964 708 fortuna
990 665 1135 710 nostri

459 723 696 782 Nominis,
724 726 1024 774 Hasdrubale
1050 731 1342 795 interempto.

327 786 409 833 Nil
436 788 647 834 Claudiae
674 807 768 837 non
794 794 1040 854 perficient
1065 812 1251 856 manus,

325 853 464 903 Quas
486 864 534 900 et
560 855 766 918 benigno
792 860 987 905 numine
1012 861 1199 923 Jupiter

390 919 633 978 Defendit,
659 932 704 968 et
729 939 855 970 curae
880 942 1076 987 sagaces

456 985 730 1048 Expediunt
752 1006 834 1051 per
859 1002 999 1037 acuta
1025 993 1181 1040 belli.’'

749 1251 890 1298 ODE
926 1254 1012 1301 IV.

699 1366 765 1396 AD
789 1367 1073 1401 AUGUSTUM.

317 1446 462 1493 D1vls
485 1456 585 1494 orte
610 1449 761 1508 boniS,
787 1452 961 1512 optime
987 1454 1208 1503 Romulae

317 1513 491 1559 Cust'os
514 1516 685 1575 geum,
712 1517 823 1563 abes
843 1519 938 1579 jam
960 1521 1159 1568 nimium
1186 1525 1294 1573 diu:

317 1578 560 1626 Maturuin
585 1583 788 1628 reditum
814 1585 1048 1645 pollicitus
1073 1588 1267 1639 Patrum

580 1648 757 1694 Sancto
781 1651 1000 1709 concilio,
1026 1654 1140 1700 redi.

316 1710 497 1756 Lucem
522 1713 666 1759 redde
691 1723 799 1772 tuae,
826 1717 920 1762 dux
951 1717 1086 1778 bone,
1112 1722 1304 1781 patriae:

314 1775 470 1822 Instar
495 1778 616 1824 veris
640 1781 767 1825 enim
794 1782 946 1828 vultus
972 1785 1050 1830 ubi
1075 1796 1185 1833 tuus

313 1842 522 1901 Affulsit,
548 1846 718 1905 populo
737 1848 909 1907 gratior
936 1850 971 1895 it
994 1852 1111 1909 dies,

575 1910 636 1955 Et
660 1912 781 1957 soles
806 1912 975 1961 melius
999 1917 1165 1964 nitent.

311 1973 374 2019 Ut
398 1984 544 2021 mater
565 1975 802 2036 juvenem,
828 1995 965 2039 quem
992 1981 1148 2029 Notus
1174 1984 1333 2035 invido

311 2038 450 2085 Flatu
476 2042 718 2102 Carpathii
744 2053 872 2090 trans
898 2048 1038 2093 maris
1064 2065 1250 2110 aequora

311 2105 631 2153 Cunctantem
656 2110 805 2169 spatio
829 2111 1017 2173 longius
1042 2130 1202 2163 annuo

572 2172 715 2220 Dulci
741 2176 934 2223 distinet
959 2195 986 2224 a
1009 2181 1166 2240 domo,

307 2236 442 2283 Votis
465 2239 794 2301 ominibusque
820 2252 866 2288 et
888 2246 1107 2305 precibus
1134 2258 1283 2309 vocat,

306 2302 464 2350 Curvo
488 2321 578 2350 nec
603 2306 771 2352 faciem
798 2309 949 2355 littore
974 2312 1205 2360 dimovet:

306 2369 389 2415 Sic
414 2370 659 2417 desideriis
685 2374 777 2419 icta
802 2374 1020 2423 fidelibus

567 2438 756 2488 Quaerit
779 2441 929 2500 patria
953 2443 1208 2492 Caesarem.

303 2498 461 2546 Tutus
485 2502 568 2548 bos
592 2506 766 2550 etenim
792 2523 899 2552 rura
923 2511 1243 2569 perambulat:

302 2563 465 2611 Nutrit
488 2583 595 2612 rura
619 2569 781 2628 Ceres,
808 2573 1022 2634 almaque
1048 2575 1311 2626 Faustitas:

303 2629 531 2677 Pacatum
557 2633 748 2679 volitant
771 2652 852 2695 per
876 2654 1004 2685 mare
1026 2642 1194 2688 navitae
1213 2659 1222 2689 ε

575 2698 768 2760 Culpari
793 2704 959 2748 metuit
984 2704 1127 2751 Fides
1150 2723 1159 2752 ε

302 2760 461 2808 Nullis
483 2763 706 2824 polluitur
731 2776 861 2812 casta
885 2768 1052 2816 domus
1077 2773 1273 2834 stupris:

300 2825 409 2874 Mos
431 2838 478 2874 et
501 2829 575 2875 lex
600 2832 894 2878 maculosum
920 2836 1131 2884 edomuit
1154 2840 1314 2888 nefas:

298 2891 573 2941 Laudamur
599 2895 739 2942 simili
765 2899 894 2959 prole
914 2917 1182 2964 puerperae:

563 2961 765 3024 Culpam
793 2965 938 3012 Poena
959 2970 1132 3029 ,premit
1156 2986 1330 3020 comes.

295 3022 424 3074 Quis
449 3025 670 3073 Parthum
697 3034 894 3091 paveat?
929 3034 1032 3094 quis
1055 3036 1264 3097 gelidum
1292 3040 1538 3103 Scythen?

295 3088 440 3150 Quis,
464 3091 720 3205 Ger‘gnssnia
742 3113 858 3158 quos
880 3099 1070 3148 horrida
1090 3103 1289 3165 parturit

1652 160 1721 324 ἃᾶ

1655 606 1718 652 70

1653 934 1717 981 '75

1640 2061 1702 2110 10

1634 2390 1696 2437 15

1623 2715 1690 2764 20
