1841 3349
129 188 223 238 102
672 189 722 236 Q.
753 189 996 232 HORATII
1025 190 1231 231 FLACC!

190 305 451 355 Certatim:
487 307 680 354 tandem
706 308 855 355 fessus
879 309 1082 356 dormire
1106 309 1252 356 viator

192 371 393 433 Incipit3
431 388 487 418 ac
511 374 666 419 missae
690 385 875 435 pastum
901 376 1162 421 retinacula
1186 375 1324 420 inulae

192 436 356 484 Nauta
380 438 511 499 piger
537 455 649 485 saxo
673 441 854 501 religat,
881 441 1124 501 stertitque
1151 441 1361 501 supinus.

191 501 395 563 Jamque
420 504 521 549 dies
546 505 722 562 aderat,
748 522 891 565 quum
918 507 982 551 nil
1008 507 1262 566 procedere
1288 506 1476 552 lintrem
1705 506 1772 554 20

188 567 463 625 Sentimus3
502 570 654 615 donec
679 572 952 616 cerebrosus
976 571 1149 631 prosilit
1177 587 1313 628 unus,

192 634 269 680 Ac
294 635 432 679 mulae
457 645 704 695 nautfeque
730 645 872 696 caput
896 636 1171 696 lumbosque
1197 637 1379 708 saligno

191 698 339 746 Fuste
368 700 520 745 dolat:
558 701 722 760 quarta
750 701 822 746 vix
848 702 1037 747 demum
1065 717 1234 761 exponi
1222 701 1342 747 'mur
1368 701 1495 748 hora.

189 764 292 812 Ora
317 781 576 826 manusque
601 767 683 812 tua
708 766 919 824 lavimus,
949 767 986 812 F
991 767 1169 824 emnia,
1195 767 1400 828 lympha.

192 829 347 895 Millia
371 840 469 876 tum
497 832 655 892 pransi
681 832 770 877 tria
795 806 1018 893 repimus,
1045 842 1181 892 atque
1208 834 1421 879 subimus
1705 833 1770 881 25

191 895 472 957 Impositum
499 898 622 944 saxis
647 895 745 950 late·
770 898 1084 943 candentibus
1110 899 1293 944 Anxur.

191 961 306 1007 Huc
331 973 555 1007 venturus
580 972 680 1008 erat
705 962 962 1020 Maecenas,
987 964 1191 1023 optimus
1216 973 1354 1024 atque

191 1026 443 1085 CocceiUS‚
469 1028 599 1073 missi
624 1029 809 1089 magnis
833 1030 890 1074 de
917 1029 1057 1074 rebus
1082 1039 1278 1089 uterque
1347 1049 1350 1056 ·

192 1091 376 1154 Legati,
403 1109 587 1139 aversos
613 1094 734 1139 soliti
755 1110 1037 1154 componere
1064 1094 1254 1140 amicos

191 1157 291 1204 Hie
315 1159 466 1205 oculis
491 1175 579 1220 ego
604 1159 740 1220 nigra
764 1160 881 1205 meis
906 1160 1098 1220 collyria
1124 1161 1278 1220 lippus
1707 1161 1771 1208 30

191 1222 398 1270 Illinere.
472 1225 661 1271 Interea
686 1225 927 1271 Maecenas
952 1226 1139 1272 advenit
1166 1236 1304 1286 atque

191 1288 445 1348 CocceiuS,
471 1291 732 1351 Capitoque
759 1292 894 1336 simul
923 1291 1167 1348 Fonteius,
1193 1292 1249 1336 ad
1277 1306 1485 1352 unguem

191 1354 370 1402 Factus
397 1357 552 1414 homo,
579 1356 779 1414 Antoni,
806 1373 900 1402 non
926 1368 977 1403 ut
1004 1355 1154 1418 magis
1179 1358 1311 1415 alter,
1337 1357 1532 1404 amicus.

257 1420 453 1467 Fundos
479 1418 673 1467 Aufidio
698 1423 854 1467 Lusco
878 1432 1074 1483 praetore
1094 1423 1292 1468 libenter

190 1485 491 1547 LinquimuS,
517 1488 672 1533 insani
697 1488 905 1533 ridentes
930 1488 1122 1549 praemia
1147 1488 1329 1545 scribae,
1411 1502 1414 1505 ’
1706 1489 1771 1536 35

190 1552 489 1610 Praetextam,
514 1562 560 1598 et
584 1553 728 1599 latum
755 1554 955 1611 clavum,
980 1550 1236 1614 p'runaeque
1263 1552 1488 1599 batillum.

191 1616 247 1671 In
277 1617 624 1676 Mamurrarum
651 1619 760 1665 lassi
787 1620 958 1664 deinde
983 1620 1099 1665 urbe
1126 1635 1389 1677 manemus,

192 1681 411 1730 Muraena
436 1683 676 1746 praebente
702 1685 911 1743 domum,
937 1685 1169 1746 Capitone
1195 1685 1417 1730 culinam.

148 1809 152 1812 ἡ
257 1750 450 1796 Postera
474 1751 553 1795 lux
576 1751 722 1796 oritur
746 1748 895 1796 multo
921 1750 1186 1811 gratissima
1207 1767 1216 1795 :
1254 1757 1456 1811 namque

189 1812 371 1862 Plotius
394 1825 441 1861 et
466 1816 639 1861 Varius
665 1816 903 1861 Sinuessae
924 1815 1243 1877 Virgiliusque
1704 1817 1769 1863 40

189 1880 492 1937 Oce-urrunt3
530 1882 716 1939 animae,
741 1882 901 1942 quales
925 1897 1077 1942 neque
1103 1880 1401 1926 candidiores

188 1946 346 1994 Terra
369 1947 490 2004 tulit,
515 1963 667 2008 neque
691 1948 823 2008 queis
842 1963 917 1993 me
943 1947 1002 1993 sit
1025 1946 1286 1992 devinctior
1311 1946 1438 1993 alter.

188 2011 237 2058 Ο
261 2012 340 2074 qui
368 2014 640 2074 complexus
665 2022 712 2059 et
736 2013 912 2074 gaudia
934 2022 1109 2074 quanta
1135 2012 1348 2057 fuerunt!

189 2077 273 2124 Nil
298 2094 386 2140 ego
410 2079 691 2124 contulerim
712 2079 926 2139 jucundo
947 2094 1088 2124 sanus
1114 2078 1284 2123 amico.

190 2142 415 2189 Proxima
440 2144 685 2204 Campano
709 2144 838 2204 ponti
863 2159 965 2204 quae
991 2144 1148 2188 villula
1171 2152 1348 2188 tectum
1701 2143 1765 2190 45

189 2207 412 2266 Praebuit,
438 2219 484 2255 et
507 2209 716 2269 parochi,
741 2224 842 2269 quae
867 2210 1056 2265 debent,
1082 2208 1210 2269 ligna
1235 2208 1485 2268 salemque.

190 2273 322 2320 Hinc
347 2275 460 2319 muli
486 2275 663 2335 Capuae
691 2275 887 2319 clitellas
912 2285 1118 2334 tempore
1144 2282 1337 2333 ponunt.

189 2339 372 2386 Lusum
397 2339 431 2385 it
456 2339 721 2395 Maecenas;
759 2339 1011 2385 dormitum
1037 2355 1126 2400 ego
1151 2337 1498 2399 Virgiliusque:

188 2404 408 2465 Namque
433 2405 527 2466 pila
553 2405 689 2466 lippis
714 2405 958 2450 inimicum
985 2414 1030 2449 et
1055 2405 1215 2449 ludere
1241 2403 1414 2448 crudis.

226 2513 230 2517 Δ
256 2470 386 2516 Hinc
411 2487 497 2516 nos
521 2470 714 2516 Cocceii
742 2470 906 2531 recipit
930 2469 1201 2531 plenissima
1225 2469 1346 2526 villa,
1697 2470 1763 2517 50

185 2534 314 2585 Quae
339 2552 477 2596 super
502 2545 572 2581 est
597 2535 750 2581 Caudi
777 2552 1026 2597 cauponas
1098 2534 1243 2580 Nunc
1268 2533 1382 2579 mihi
1401 2532 1566 2595 paucis

189 2601 426 2647 Sarmenti
452 2617 624 2647 scurrae
648 2618 853 2663 pugnam
883 2600 1121 2660 Messique
1147 2600 1333 2658 Cicirri,

189 2664 346 2724 Musa,
373 2668 509 2713 velim
536 2683 793 2722 memores3
831 2677 877 2713 et
902 2683 993 2727 quo
1016 2675 1146 2727 patre
1172 2675 1310 2711 natus
1334 2673 1528 2726 uterque

186 2731 453 2777 Contulerit
478 2733 594 2778 lites,
656 2732 803 2778 Messi
829 2733 1006 2789 clarum
1032 2747 1180 2792 genus
1204 2731 1347 2786 Osci3
1567 2786 1570 2789 ι

114 2815 119 2820 ·
187 2795 425 2842 Sarmenti
451 2798 643 2843 domina
666 2807 828 2844 exstat.
900 2799 977 2843 Ab
1004 2798 1073 2842 his
1098 2795 1351 2856 majoribus
1374 2794 1464 2841 orsi
1692 2795 1761 2844 65

187 2860 265 2906 Ad
290 2860 497 2922 pugnarn
523 2862 708 2908 venere.
781 2864 912 2909 Prior
938 2864 1241 2908 Sarmentus:
1279 2864 1306 2883 “
1330 2860 1453 2921 Equi
1476 2868 1523 2907 te

186 2924 305 2972 Esse
331 2927 413 2971 feri
439 2927 637 2971 similem
663 2928 782 2974 dico.
886 2928 1143 2981 Ridemus:
1180 2935 1227 2978 et
1252 2926 1350 2986 ipse

186 2987 410 3049 Messius,
438 2995 466 3014 “
482 2992 738 3051 Accipio'';
775 3002 915 3054 caput
938 3001 985 3038 et
1008 3000 1172 3036 movet.
1245 2995 1272 3014 “
1290 2990 1336 3036 O
1362 2999 1442 3036 tua
1464 3004 1612 3037 cornu

186 3054 253 3102 Ni
279 3056 394 3102 foret
417 3068 607 3103 exsecto
633 3057 804 3113 srons‚''
833 3058 996 3117 inquit,
1023 3057 1180 3115 “quid
1207 3056 1403 3114 faceres,
1427 3069 1568 3116 quum

186 3121 272 3168 Sic
295 3123 486 3170 mutilus
508 3121 769 3169 minitaris?
787 3123 812 3143 ''
884 3123 951 3167 At
973 3121 1040 3167 illi
1065 3122 1189 3168 foeda
1210 3120 1405 3168 cicatrix
1689 3119 1755 3167 60

789 2930 814 2948 25
