1841 3349
575 211 908 252 CARMINUM
938 210 1047 249 LIB.
1079 209 1157 248 IV.

497 332 653 379 Curru
678 331 821 376 ducet
845 329 1064 374 Achai’co

237 401 506 455 Victorem3
544 413 697 457 neque
723 412 796 441 res
821 395 989 440 bellica
1013 391 1166 438 Deliis

495 463 730 509 Ornatum
757 461 876 506 soliis
901 460 1089 515 ducem,

235 529 385 582 Quod
408 545 572 591 regum
598 528 802 574 tumidas
823 525 1092 571 contuderit
1116 521 1285 580 minas,

498 594 734 639 Ostendet
758 591 991 652 Capitolio
1010 607 1018 635 2

242 663 337 709 Sed
361 677 464 724 quae
489 660 534 706 Τ
541 661 643 705 ibur
670 674 799 719 aquae
826 657 974 703 fertile
999 653 1265 717 praefluunt,

501 726 563 771 Et
588 726 747 785 spissae
773 737 1018 768 nemorum
1045 735 1210 777 comae,

237 793 446 856 Fingent
470 791 628 838 AEolio
654 789 862 835 carmine
888 786 1110 832 nobilem.

503 857 671 902 Romae
697 854 922 916 principis
947 852 1135 897 urbium

241 924 475 986 Dignatur
500 922 681 968 soboles
706 922 826 966 inter
853 918 1078 964 amabiles

500 988 675 1033 Vatum
701 1001 875 1047 ponere
901 1001 975 1029 me
1001 984 1198 1037 choros3

247 1059 310 1106 Et
328 1057 425 1118 jam
449 1055 590 1100 dente
618 1050 774 1098 minsis
800 1051 1013 1096 mordeor
1039 1048 1210 1094 invido.

507 1121 570 1176 O,
596 1118 845 1163 testudinis
870 1131 1023 1161 aureae

245 1190 447 1238 Dulcem
471 1200 572 1247 quae
599 1185 859 1244 strepitum,
886 1181 1028 1238 Pieri,
1054 1189 1315 1241 temperas3

510 1251 554 1296 O
581 1252 721 1295 mutis
747 1264 931 1309 quoque
955 1247 1166 1308 piscibus

241 1322 485 1369 Donatura
510 1317 664 1377 cycni,
691 1316 729 1360 si
754 1316 910 1371 libeat,
937 1312 1131 1358 sonum!

503 1382 682 1439 Totum
707 1380 916 1425 muneris
938 1380 1026 1423 hoc
1051 1377 1118 1422 tui
1143 1383 1229 1434 est,

237 1450 386 1504 Quod
411 1458 640 1496 monstror
666 1448 812 1508 digito
837 1443 1218 1507 praetereuntium

504 1515 737 1560 Romanae
764 1513 937 1558 fidicen
962 1512 1099 1572 lyrae:

238 1582 390 1635 Quod
415 1582 538 1643 spiro
561 1590 608 1626 et
630 1581 795 1642 placeo
825 1578 886 1641 (si
911 1580 1118 1639 placeo),
1143 1583 1277 1621 tuum
1300 1581 1386 1618 est.

732 1843 872 1891 ODE
907 1842 1001 1888 III.

684 1958 833 1989 DRUSI
858 1955 1068 1987 LAUDES.

305 2047 530 2097 QUALEM
553 2042 820 2089 ministrum
842 2038 1052 2085 fulminis
1072 2037 1233 2083 alitem

311 2113 427 2175 (Cui
447 2127 528 2156 rex
552 2111 746 2154 deorum
772 2121 972 2167 regnum
999 2105 1044 2149 in
1072 2119 1180 2149 aves
1206 2117 1349 2166 vagas

371 2176 606 2233 Permisit,
631 2183 850 2235 expertus
875 2171 1061 2216 fidelem

437 2243 620 2304 Jupiter
647 2242 694 2286 in
719 2238 997 2298 Ganymede
1023 2235 1164 2299 flavo)

306 2310 437 2356 Olim
457 2310 690 2370 juventas,
716 2315 763 2351 et
787 2305 962 2366 patrius
989 2302 1134 2363 vigor,

305 2376 434 2422 Nido
457 2375 670 2420 laborum
694 2371 897 2433 propulit
918 2369 1118 2414 inscium
1142 2383 1153 2423 ;

370 2441 629 2500 Vernique,
652 2439 747 2499 jam
773 2437 946 2482 nimbis
966 2434 1173 2491 remotiS,

436 2506 657 2551 Insolitos
682 2501 887 2549 docuere
912 2502 1044 2546 nisus

306 2570 452 2621 Venti
477 2579 751 2630 paventem3
790 2584 897 2612 mox
922 2568 966 2612 in
993 2566 1133 2612 ovilia
1179 2586 1194 2596 x

305 2636 509 2686 Demisit
532 2635 712 2679 hostem
737 2633 917 2677 vividus
942 2633 1171 2691 impetus;

370 2702 518 2749 Nunc
545 2700 592 2744 in
619 2698 904 2743 reluctantes
930 2697 1162 2740 dracones

437 2766 549 2827 Egit
573 2780 702 2810 amor
727 2763 859 2823 dapis
884 2771 1021 2821 atque
1046 2775 1245 2820 pugnae:

302 2834 568 2885 Qualemve
593 2830 710 2875 laetis
736 2843 905 2888 caprea
929 2825 1119 2888 pascuis

307 2901 500 2947 Intenta
524 2896 660 2942 fulvae
685 2895 845 2940 matris
870 2893 928 2938 ab
953 2892 1098 2937 ubere

370 2964 398 3010 J
405 2980 479 3010 am
498 2963 618 3008 lacte
645 2961 893 3022 depulsum
918 2959 1121 3014 leonem,

432 3029 589 3074 Dente
612 3043 732 3073 novo
758 3026 978 3087 peritura,
1004 3023 1146 3068 vidit:

303 3093 483 3145 Videre
508 3093 693 3138 Rhaetis
718 3092 839 3137 bella
863 3091 949 3136 sub
975 3089 1177 3150 Alpibus

305 3163 513 3209 Drusum
537 3167 780 3218 gerentem
805 3155 1071 3210 Vindelici3
1108 3153 1279 3214 quibus

371 3225 480 3273 Mos
502 3223 629 3269 unde
654 3223 887 3269 deductus
909 3236 992 3282 per
1015 3234 1156 3266 omne
1182 3256 1192 3264 ,.

1627 208 1693 255 63

1635 651 1694 697 10

1635 978 1742 1038 15,

1634 2626 1694 2674 10

1633 2953 1693 2999 15
