1841 3349
72 165 167 215 176
604 160 656 207 Q.
686 157 931 200 HORATII
960 156 1166 197 FLAcc1

135 283 245 331 Nec
267 279 419 344 magis
437 280 645 342 expressi
669 279 823 326 vultus
845 295 929 340 per
949 281 1102 324 aenea
1123 278 1260 339 signa

135 347 300 400 Quam
326 364 407 410 per
432 347 548 393 vatis
570 362 690 408 opus
707 361 860 391 mores
886 344 1122 409 animique
1142 343 1347 389 virorum

138 415 386 462 Clarorum
414 421 652 475 apparent.
724 410 832 456 Nec
857 425 1098 455 sermones
1119 425 1208 470 ego
1232 407 1420 453 mallem
1619 405 1719 454 250

139 481 386 542 Repentes
409 495 491 540 per
517 480 730 535 humum,
756 475 897 537 quam
921 491 996 527 res
1021 490 1302 536 componere
1326 481 1499 535 gestaS,

140 546 491 604 Terrarumque
516 544 632 589 situs
656 551 703 588 et
727 541 923 586 flumina
946 541 1120 598 dicere,
1146 550 1193 587 et
1217 555 1349 585 arces

140 612 386 660 Montibus
411 609 667 671 impositas,
693 616 740 652 et
765 607 962 651 barbara
984 621 1147 667 regna,
1172 606 1358 666 tuisque

143 677 384 739 Auspiciis
408 684 556 721 totum
582 673 799 720 confecta
824 671 980 717 duella
1003 687 1085 732 per
1109 671 1288 729 orbem,

142 744 451 802 Claustraque
476 741 721 786 custodem
745 738 877 799 pacis
902 737 1174 784 cohibentia
1198 735 1227 781 J
1231 752 1391 795 anum,
1623 735 1721 781 255

141 809 205 856 Et
229 809 523 855 formidatam
551 805 736 851 Parthis
759 814 804 849 te
829 804 1040 864 principe
1067 803 1299 858 Romam3

143 876 212 933 Si,
237 882 464 935 quantum
489 887 729 933 cuperem,
754 885 939 931 possem
963 885 1145 929 quoque
1165 884 1173 913 :
1211 869 1295 913 sed
1320 883 1471 928 neque
1494 882 1688 928 parvum

143 941 350 987 Carmen
373 939 592 1000 majestas
617 936 782 996 recipit
806 944 900 992 tua,
926 950 1016 980 nec
1042 951 1173 980 meus
1199 934 1340 979 audet

141 1007 269 1056 Rem
293 1015 473 1051 tentare
497 1004 662 1066 pudor,
686 1017 826 1062 quam
851 1001 969 1046 vires
995 1000 1113 1045 ferre
1137 1007 1370 1045 recusent.

144 1073 382 1119 Sedulitas
407 1079 580 1127 autem,
606 1067 745 1114 stulte
772 1083 908 1128 quem
936 1066 1102 1127 diligit,
1129 1074 1281 1127 urget,
1626 1063 1724 1110 260

143 1135 389 1199 Praecipue
415 1152 558 1197 quum
584 1151 633 1180 se
659 1133 868 1179 numeria·
893 1133 1194 1178 commendat
1217 1140 1264 1177 et
1288 1139 1385 1177 arte
1407 1147 1414 1176 :

142 1205 298 1251 Discit
321 1203 448 1249 enim
473 1198 614 1248 citius
639 1199 944 1259 meminitque
969 1196 1192 1244 libentius
1214 1195 1331 1243 illud

142 1271 289 1320 Quod
313 1269 416 1330 quis
441 1268 637 1324 deridet,
663 1263 804 1326 quam
829 1265 952 1325 quod
977 1264 1142 1325 probat
1166 1272 1211 1309 et
1238 1270 1495 1308 veneratur.

145 1336 229 1382 Nil
255 1351 408 1381 moror
431 1333 639 1380 officium
663 1332 786 1392 quod
813 1347 886 1376 me
912 1338 1099 1391 gravat:
1137 1345 1192 1374 ac
1218 1345 1369 1390 neque
1394 1327 1504 1375 ficto

145 1401 203 1448 In
228 1402 360 1463 pejus
384 1399 512 1445 vultu
534 1397 729 1459 proponi
754 1412 917 1442 cereus
943 1411 1154 1455 usquam,
1627 1390 1725 1438 265

146 1467 253 1514 Nec
277 1463 418 1528 prave
445 1464 579 1511 factis
604 1463 816 1508 decorari
837 1462 1045 1507 versibus
1068 1469 1177 1522 opto
1197 1476 1207 1515 3

145 1532 224 1579 Ne
249 1533 439 1577 rubeam
464 1529 628 1592 pingui
653 1529 852 1574 donatus
876 1542 1089 1584 munere,
1114 1535 1161 1571 et
1185 1525 1280 1571 una

147 1598 273 1644 Cum
298 1598 521 1658 scriptore
546 1610 667 1651 meo,
694 1595 836 1654 capsa
860 1601 1103 1654 porrectus
1129 1591 1307 1652 aperta,

147 1663 344 1711 Deferat
369 1663 416 1708 in
441 1662 597 1708 vicum
624 1660 907 1705 vendentem
931 1660 1040 1704 thus
1064 1667 1110 1703 et
1132 1658 1315 1714 odoreS,

147 1726 211 1776 Et
231 1730 379 1791 piper,
404 1736 452 1774 et
473 1726 700 1789 quidquid
725 1725 899 1771 chartis
921 1724 1137 1770 amicitur
1162 1722 1346 1784 ineptis
1628 1719 1727 1767 270

695 1975 1034 2035 EPISTOLA
1061 1985 1127 2032 ΙΙ.

632 2103 698 2133 AD
732 2103 913 2134 JULIUM
949 2101 1159 2132 FLORUM.

156 2190 344 2248 anm,
368 2189 492 2235 bono
516 2187 735 2246 claroque
760 2185 910 2231 fidelis
935 2184 1086 2230 amice
1112 2183 1311 2242 Neroni,

156 2257 207 2303 Si
232 2256 335 2316 quis
360 2252 475 2300 forte
497 2253 605 2298 velit
627 2267 824 2313 puerum
849 2250 933 2295 tibi
958 2249 1177 2305 vendere,
1203 2257 1366 2293 natum

153 2322 336 2369 Tibure
361 2320 430 2365 vel
455 2319 634 2375 Gabiis,
654 2326 701 2362 et
724 2326 880 2361 tecum
907 2315 974 2359 sic
1000 2323 1132 2375 agat:
1170 2317 1199 2336 “
1218 2313 1330 2370 Hic,
1356 2322 1403 2359 et

154 2387 400 2434 Candidus
423 2394 469 2430 et
492 2384 610 2430 talos
635 2399 661 2428 a
685 2382 858 2427 vertice
883 2380 1079 2441 pulcher
1104 2380 1162 2424 ad
1188 2379 1321 2437 imos,

153 2452 261 2500 Fiet
284 2452 460 2512 eritque
484 2459 592 2496 tuus
616 2462 915 2494 nummorum
942 2445 1146 2490 millibus
1169 2452 1290 2501 octo,
1697 2444 1729 2489 5

155 2519 316 2565 Verna
341 2515 613 2562 ministeriis
639 2515 697 2560 ad
721 2523 864 2559 nutus
889 2521 1022 2573 aptus
1048 2510 1232 2568 heriles,

155 2583 395 2631 Litterulis
413 2582 594 2627 Graecis
618 2580 840 2636 imbutus,
862 2578 1058 2623 idoneus
1084 2576 1170 2622 arti

155 2649 364 2696 Cuilibet
379 2665 389 2704 ;
427 2647 588 2708 argilla
613 2645 795 2707 quidvis
821 2643 1075 2690 imitaberis
1100 2641 1221 2686 uda:

155 2713 291 2763 Quin
315 2715 455 2759 etiam
480 2722 618 2758 canet
643 2712 901 2767 indoctum,
928 2709 1009 2754 sed
1029 2704 1188 2764 dulce,
1215 2705 1410 2755 bibenti.

158 2777 312 2824 Multa
336 2778 476 2822 fidem
495 2777 722 2838 promissa
746 2776 916 2832 levant,
943 2772 1022 2819 ubi
1047 2770 1231 2834 plenius
1257 2785 1387 2832 aequo
1671 2770 1731 2816 10

159 2842 345 2890 Laudat
368 2843 570 2900 venales,
596 2843 674 2902 qui
698 2841 794 2886 vult
817 2840 1080 2896 extrudere,
1107 2852 1300 2882 merces.

159 2908 263 2955 Res
287 2915 421 2968 urget
444 2922 518 2950 me
544 2907 687 2964 nulla,
714 2922 817 2951 meo
843 2920 945 2950 sum
970 2918 1144 2965 pauper
1170 2902 1218 2946 in
1244 2917 1363 2947 aere:

160 2971 317 3020 Nemo
340 2973 430 3018 hoc
454 2986 740 3031 mangonum
766 2971 941 3015 faceret
962 2968 1047 3014 tibi
1070 2984 1078 3012 :
1116 2983 1210 3013 non
1235 2963 1413 3013 temere
1438 2980 1467 3013 a
1489 2979 1565 3012 me

160 3037 333 3088 Quivis
358 3037 496 3083 ferret
519 3035 671 3081 idem:
708 3035 851 3080 semel
876 3035 954 3079 hic
977 3033 1192 3090 cessavit,
1217 3041 1279 3091 et,
1304 3040 1357 3078 ut
1377 3030 1446 3090 fit,

162 3100 223 3150 In
244 3102 382 3150 scalis
405 3101 539 3149 latuit
560 3109 776 3147 metuens
797 3099 1046 3161 pendentis
1069 3098 1280 3145 habenae.
1671 3091 1733 3140 15
