1841 3349
32 2847 39 2857 a

42 2785 52 2828 ἣν

622 195 853 237 EPoDoN
885 195 1070 236 LIBER.

720 381 859 426 oDE
883 380 974 426 XL
998 353 1004 355 ⁴

530 495 594 526 AD
631 496 863 527 POPULUM
899 495 1168 527 ROMANUM.

157 582 370 628 ALTERA
390 578 487 641 jam
512 580 675 626 teritur
702 579 835 624 bellis
860 579 1075 624 civilibus
1103 587 1231 637 aetaS,

223 647 332 692 Suis
356 655 402 692 et
428 647 528 707 ipsa
554 646 713 691 Roma
737 646 912 691 viribus
938 645 1056 691 ruit:

152 712 314 762 Quam
341 728 494 772 neque
520 712 707 757 finitimi
734 711 980 756 valuerunt
1004 711 1202 771 perdere
1228 708 1394 769 Marsi,

221 778 428 824 Minacis
454 786 533 823 aut
558 777 760 822 Etrusca
784 776 1002 822 Porsena}
1028 792 1212 834 manus,

158 845 351 891 AEmula
376 859 465 889 nec
490 843 635 888 virtus
661 842 854 902 Capuae,
881 857 970 887 nec
1004 843 1259 902 Spartacus
1284 856 1409 899 acer,

221 910 462 970 Novisque
488 909 629 954 rebus
657 908 859 954 infidelis
885 908 1127 966 Allobrox,

155 975 262 1022 Nec
288 976 385 1021 fera
409 975 622 1028 coerulea,
641 974 822 1020 domuit
845 974 1103 1019 Germania
1128 973 1270 1034 pube,

220 1042 595 1101 Parentibusque
623 1041 919 1086 abominatus
946 1039 1215 1086 Hannibal:

155 1108 308 1169 Impia
332 1107 586 1169 perdemus
611 1106 765 1152 devoti
791 1106 1036 1167 sanguinis
1061 1115 1189 1163 aetaS‚

222 1173 448 1233 Ferisque
474 1188 633 1217 rursus
657 1173 965 1246 occupabitur
992 1172 1157 1217 solum.

155 1240 407 1297 Barbarus,
435 1239 553 1283 heu!
593 1238 778 1283 cineres
805 1239 989 1284 insistet
1013 1238 1176 1296 victor,
1203 1245 1250 1283 et
1275 1235 1453 1283 Urbem

219 1305 376 1365 Eques
402 1313 599 1349 sonante
623 1304 888 1349 verberabit
912 1304 1117 1364 ungula:

152 1371 371 1431 Quaeque
397 1380 560 1415 carent
586 1369 735 1415 ventis
760 1379 807 1415 et
831 1370 1024 1426 solibus,
1050 1385 1156 1415 ossa
1179 1368 1393 1425 Quirini,

220 1436 371 1482 Nefas
397 1436 580 1481 videre!
621 1436 865 1496 dissipabit
890 1436 1110 1481 insolens.

153 1500 314 1559 Forte,
340 1503 451 1562 quid
477 1502 710 1563 expediat,
738 1502 1069 1560 communiter,
1096 1509 1177 1547 aut
1201 1501 1367 1548 melior
1391 1515 1515 1562 pars,

221 1567 362 1613 Malis
387 1584 547 1613 carere
574 1568 780 1628 quaeritis
805 1568 1056 1614 laboribus.

154 1633 300 1680 Nulla
324 1634 383 1679 sit
407 1635 495 1679 hac
520 1636 669 1695 potior
695 1634 955 1680 sententia:
994 1634 1303 1679 Phocaeorum

219 1700 363 1746 Velut
388 1700 593 1761 profugit
617 1709 860 1745 exsecrata
884 1700 1063 1757 civitas,

155 1766 310 1828 Agros
335 1775 472 1826 atque
498 1765 642 1810 Lares
666 1766 890 1826 propriOS,
917 1765 1266 1826 habitandaque
1291 1764 1401 1811 fana

219 1832 362 1893 Apris
387 1830 576 1892 reliquit
600 1841 647 1877 et
671 1832 920 1892 rapacibus
945 1832 1093 1893 lupis3

153 1896 229 1943 Ire
254 1898 398 1958 pedes
422 1913 703 1957 quocunque
730 1898 898 1954 ferent,
924 1913 1208 1958 quocunque
1232 1912 1314 1959 per
1340 1895 1494 1941 undas

218 1963 374 2009 Notus
400 1963 582 2008 vocabit
607 1972 687 2009 aut
710 1972 956 2024 protervus
981 1964 1188 2008 Africus.

155 2029 237 2075 Sic
261 2029 449 2089 placet?
487 2045 547 2073 an
572 2027 744 2075 melius
769 2036 873 2088 quis
898 2030 1039 2074 habet
1064 2028 1296 2074 suadere?
1332 2026 1545 2073 secunda

218 2095 394 2140 Ratem
418 2110 652 2155 occupare
676 2095 787 2155 quid
812 2111 1048 2140 moramur
1074 2095 1216 2139 alite?

153 2160 248 2206 Sed
270 2160 482 2221 juremus
506 2160 555 2205 in
581 2161 682 2205 haec
702 2177 709 2205 :
749 2164 777 2183 ‘⁶
798 2160 949 2205 Simul
975 2160 1081 2205 imis
1106 2175 1218 2205 saxa
1241 2158 1454 2205 renarint

232 2226 379 2272 Vadis
404 2226 571 2283 levata,
598 2241 661 2271 ne
683 2226 837 2272 redire
863 2226 922 2271 sit
945 2225 1105 2271 nefas:

151 2291 263 2338 Neu
288 2308 514 2338 conversa
538 2293 730 2338 domum
754 2293 912 2353 pigeat
937 2294 1049 2337 dare
1073 2291 1235 2349 lintea,
1260 2290 1449 2351 quando

217 2358 375 2404 Padus
401 2357 584 2403 Matina
609 2358 770 2404 laverit
795 2358 1072 2412 cacumina3

152 2422 210 2469 In
234 2440 363 2469 mare
389 2439 471 2469 seu
496 2424 650 2469 celsus
674 2424 956 2484 procurrerit
984 2423 1295 2484 Apenninus3

217 2488 447 2548 Novaque
472 2499 680 2534 monstra
700 2490 909 2550 junxerit
932 2489 1128 2534 libidine

152 2552 305 2600 Mirus
330 2570 474 2610 amor,
496 2554 625 2614 juvet
651 2564 702 2599 ut
726 2556 868 2615 tigres
893 2555 1136 2600 subsidere
1159 2553 1325 2610 cerviS‚

218 2619 525 2665 Adulteretur
549 2628 596 2663 et
620 2619 838 2665 columba
862 2620 1022 2676 miluo,

152 2684 362 2732 Credula
386 2699 476 2729 nec
502 2699 633 2729 ravos
657 2685 855 2729 timeant
880 2692 1091 2729 armenta
1114 2684 1292 2740 leones,

218 2751 455 2810 Ametque
480 2749 602 2794 salsa
625 2749 738 2794 levis
764 2749 923 2794 hircus
948 2748 1183 2809 aequora.''

153 2815 291 2873 Haec,
317 2825 364 2861 et
387 2830 490 2876 quae
516 2824 734 2876 poterunt
757 2815 936 2861 reditus
963 2814 1242 2865 abscindere
1266 2811 1448 2873 dulces,

217 2881 395 2927 Eamus
418 2881 572 2927 omnis
595 2890 838 2927 exsecrata
863 2881 1041 2938 civitas,
1087 2911 1090 2915 ,

152 2947 254 2993 Aut
277 2963 382 3008 pars
406 2946 600 2992 indocili
624 2947 788 2993 melior
812 2962 982 3008 grege:
1019 2945 1172 2993 mollis
1195 2953 1244 2992 et
1265 2959 1435 3007 exspes

219 3012 489 3058 lnominata
512 3013 766 3074 perprimat
790 3012 980 3058 cubilia.

151 3077 266 3136 Vos,
292 3078 462 3138 quibus
485 3087 556 3123 est
580 3079 739 3136 virtus,
765 3078 1043 3124 muliebrem
1067 3078 1213 3125 tollite
1236 3077 1435 3135 luctum,

217 3143 422 3190 Etrusca
444 3152 612 3205 praeter
637 3153 685 3191 et
706 3144 857 3191 volate
881 3144 1050 3192 littora.

482 3208 516 3256 8

1612 1172 1672 1218 lo

1610 1500 1670 1546 15

1603 1829 1668 1876 20

1601 2158 1666 2204 25

1601 2484 1667 2531 30
