1841 3349
564 146 976 208 FiPISTOLARUM
1004 147 1127 206 LIBs
1145 167 1203 208 11.
1235 171 1274 208 1.
1646 169 1741 218 173

156 281 443 332 Promittunt
466 286 639 332 medici
659 302 671 343 3
707 294 912 332 tractant
935 285 1118 332 fabrilia
1141 286 1282 333 fabri:
1647 286 1742 333 116

157 349 420 397 Scribimus
443 351 622 397 indocti
646 352 866 412 doctique
890 355 1112 412 poemata
1132 353 1321 413 passim.

223 416 319 461 Hic
343 432 469 462 error
493 426 651 463 tamen
675 426 722 462 et
745 417 860 463 levis
885 419 988 463 haec
1013 417 1214 476 insania,
1240 425 1439 478 quantas

155 480 366 527 Virtutes
391 482 575 540 habeat,
602 483 672 528 sic
696 483 894 544 collige:
934 483 1067 529 Vatis
1093 499 1259 528 avarus

154 545 267 592 Non
291 546 468 593 temere
495 558 566 594 est
586 549 797 605 animus3
836 564 996 594 versus
1022 557 1163 606 amat,
1190 549 1280 594 hoc
1305 549 1462 594 studet
1485 561 1663 603 unum3

154 610 466 671 Detrimenta,
493 614 626 675 fugas
651 630 904 672 servorum,
932 615 1154 659 incendia
1173 615 1323 671 ridet;
1648 613 1738 659 121

154 675 263 722 Non
288 678 499 724 fraudem
525 680 653 725 socio
672 695 875 740 puerove
901 680 1128 740 incogitat
1153 680 1297 725 ullam

153 742 359 803 Pupillo;
399 745 508 790 vivit
532 745 712 805 siliquis
736 755 782 790 et
805 761 927 805 pane
953 746 1177 791 secundo.

153 806 337 854 Militiae
362 826 630 871 quanquam
653 810 785 871 piger
811 819 857 856 et
882 811 1048 868 malus,
1074 811 1200 856 utilis
1225 811 1342 857 urbi.

154 873 207 919 Si
232 875 315 919 das
340 876 445 933 hoc,
470 876 623 937 parvis
647 892 830 936 quoque
856 877 996 921 rebus
1022 892 1193 937 magna
1211 876 1364 937 juvari
1387 894 1396 923 ;
1649 880 1741 926 125

151 938 222 985 Os
246 948 461 986 tenerum
485 942 618 1002 pueri
644 942 927 1002 balbumque
951 945 1092 1003 poeta
1116 942 1285 1003 figurat
1300 959 1310 999 3

153 1004 367 1066 Torquet
392 1008 450 1052 ab
474 1008 710 1053 obscoenis
730 1007 826 1068 jam
852 1023 982 1053 nunc
1008 1008 1304 1054 sermonibus
1329 1025 1516 1067 aurem3

154 1069 271 1117 Mox
290 1073 432 1118 etiam
456 1082 623 1133 pectus
647 1073 895 1134 praeceptis
921 1073 1087 1119 format
1111 1074 1293 1133 amicis,

154 1137 439 1197 Asperitatis
464 1148 510 1184 et
536 1139 724 1184 invidiae
751 1148 986 1185 corrector
1010 1148 1057 1185 et
1080 1139 1188 1196 iraeg

153 1201 311 1248 Recte
340 1204 462 1249 facta
486 1204 626 1250 refert
646 1221 656 1261 3
693 1205 894 1250 orientia
918 1214 1130 1266 tempora
1154 1206 1277 1252 notis
1646 1208 1740 1256 130

153 1267 350 1314 Instruit
368 1270 623 1330 exemplis3
662 1269 850 1331 inopem
878 1271 1054 1316 solatur
1079 1281 1126 1317 et
1146 1287 1339 1333 aegrum.

153 1333 311 1381 Castis
337 1351 446 1380 cum
471 1336 629 1396 pueris
654 1336 818 1397 ignara
841 1337 999 1397 puella
1022 1337 1177 1382 mariti

152 1399 369 1446 Disceret
393 1402 520 1446 unde
544 1417 726 1462 preces,
752 1411 906 1448 vatem
930 1402 979 1447 ni
1006 1401 1147 1448 Musa
1171 1403 1407 1450 dedisset?

150 1466 312 1520 Poscit
335 1483 472 1528 opem
498 1468 686 1526 chorus,
712 1477 758 1513 et
781 1469 1034 1529 praesentia
1058 1470 1255 1515 numina
1280 1470 1449 1527 sentit;

153 1532 385 1578 Coelestes
405 1533 621 1593 implorat
645 1550 789 1594 aquas
813 1534 954 1580 docta
972 1550 1113 1595 prece
1140 1535 1369 1592 blandus3
1646 1538 1739 1585 135

153 1598 338 1644 Avertit
362 1599 562 1656 morbos,
589 1601 845 1645 metuenda
869 1600 1079 1660 pericula
1103 1600 1260 1661 pellit;

151 1663 380 1724 Impetrat
398 1673 444 1709 et
467 1680 649 1724 pacem,
676 1674 722 1710 et
745 1665 1029 1726 locupletem
1054 1666 1265 1727 frugibus
1290 1683 1481 1713 annum.

151 1729 377 1776 Carmine
403 1729 450 1774 di
476 1730 632 1790 superi
656 1731 918 1791 placantur,
945 1732 1153 1777 carmine
1180 1731 1362 1779 Manes.

217 1795 454 1856 Agricolae
478 1796 638 1856 prisci,
664 1797 820 1855 fortes,
845 1813 1077 1858 parvoque
1104 1798 1243 1856 beati,

151 1860 358 1907 Condita
380 1871 484 1921 post
509 1862 759 1920 frumenta,
784 1863 994 1908 levantes
1017 1872 1224 1924 tempore
1251 1864 1369 1910 festo
1645 1866 1738 1913 140

151 1926 352 1987 Corpus,
378 1936 424 1972 et
449 1928 602 1987 ipsum
627 1929 839 1980 animum
864 1944 945 1988 spe
971 1929 1078 1973 finis
1103 1930 1220 1975 dura
1244 1930 1489 1989 ferentem,

152 1992 279 2038 Cum
304 1992 445 2037 sociis
460 2008 672 2053 operum,
696 1993 871 2054 pueris,
896 2003 943 2039 et
967 1995 1169 2056 conjuge
1194 1995 1305 2053 fida,

153 2057 399 2104 Tellurem
425 2074 584 2118 porco,
613 2059 858 2105 Silvanum
882 2060 1005 2105 lacte
1030 2061 1239 2121 piabant,

152 2123 371 2169 Floribus
395 2133 442 2169 et
466 2124 573 2170 vino
596 2124 805 2170 Genium
832 2141 1090 2171 memorem
1110 2127 1262 2172 brevis
1287 2126 1385 2171 aevi.

152 2188 456 2235 Fescennina
477 2206 560 2250 per
586 2190 714 2236 hunc
740 2190 931 2237 inventa
954 2192 1146 2238 licentia
1172 2207 1350 2238 morem
1643 2194 1736 2241 145

152 2254 382 2301 Versibus
401 2256 594 2300 alternis
617 2257 866 2317 opprobria
889 2259 1064 2303 rustica
1088 2258 1207 2304 fudit
1226 2275 1236 2313 ;

151 2319 458 2381 Libertasque
484 2332 780 2368 recurrentes
806 2333 1001 2384 accepta
1019 2340 1101 2384 per
1126 2339 1274 2369 annos

151 2385 288 2432 Lusit
313 2387 590 2444 amabiliter,
616 2389 768 2434 donec
789 2389 885 2450 jam
911 2405 1060 2434 saevus
1085 2398 1293 2450 apertam

152 2449 212 2497 ln
236 2451 412 2496 rabiem
441 2453 554 2497 verti
579 2453 722 2513 coepit
740 2454 893 2513 jocus,
919 2464 965 2499 et
988 2470 1070 2515 per
1095 2455 1315 2507 honestas

153 2515 230 2561 lre
255 2517 417 2561 domos
442 2516 636 2576 impune
663 2519 848 2563 minax:
887 2518 1081 2564 doluere
1108 2528 1306 2566 cruento
1642 2521 1734 2568 150

152 2579 309 2627 Dente
335 2581 567 2637 lacessiti3
607 2582 694 2627 fuit
717 2583 906 2628 intactis
930 2599 1112 2643 quoque
1137 2600 1252 2629 cura

153 2645 440 2693 Conditione
467 2662 604 2707 super
629 2648 870 2692 communi
893 2664 902 2692 :
937 2649 1049 2708 quin
1075 2649 1215 2693 etiam
1241 2649 1316 2694 lex
1338 2657 1347 2661 ”

153 2711 392 2772 Poenaque
417 2712 526 2769 lata,
554 2712 675 2758 malo
698 2728 800 2772 quae
825 2712 969 2759 nollet
993 2714 1202 2758 carmine
1226 2730 1494 2775 quenquam

153 2776 386 2823 Describi.
457 2776 657 2822 Vertere
683 2778 891 2835 modum,
919 2778 1168 2824 formidine
1194 2779 1345 2840 fustis,

154 2842 233 2889 Ad
254 2843 374 2888 bene
390 2842 647 2888 dicendum
666 2843 1089 2905 delectandumque
1109 2845 1301 2891 redacti.
1639 2848 1733 2895 155

219 2908 406 2954 Graecia
429 2918 566 2968 capta
590 2909 739 2954 ferum
764 2909 986 2955 victorem
1015 2910 1156 2971 cepit,
1182 2920 1229 2957 et
1247 2920 1369 2959 artes

154 2972 324 3020 Intulit
343 2973 515 3034 agresti
535 2973 684 3020 Latio.
756 2975 838 3021 Sic
863 2976 1078 3022 horridus
1104 2976 1180 3023 ille
1260 3024 1279 3030 „
1281 3015 1362 3024 ......
1371 3020 1388 3027 ,
1417 3013 1422 3016 .

154 3037 366 3086 Dessuxit
385 3054 608 3084 numerus
633 3040 884 3087 Saturnius
905 3058 915 3098 ;
952 3050 1000 3088 et
1023 3058 1164 3104 grave
1189 3042 1314 3089 virus

155 3102 406 3152 Munditiae
428 3103 680 3216 pepglssre:
716 3107 799 3153 sed
822 3107 872 3155 in
896 3107 1091 3170 longum
1114 3117 1273 3156 tamen
1298 3121 1450 3156 aevum
