<?xml version="1.0" encoding="UTF-8"?>
<!DOCTYPE html PUBLIC "-//W3C//DTD XHTML 1.0 Transitional//EN"
    "http://www.w3.org/TR/xhtml1/DTD/xhtml1-transitional.dtd">
<html xmlns="http://www.w3.org/1999/xhtml" xml:lang="en" lang="en">
 <head>
  <title>
</title>
<meta http-equiv="Content-Type" content="text/html;charset=utf-8" />
  <meta name='ocr-system' content='tesseract 3.04.00' />
  <meta name='ocr-capabilities' content='ocr_page ocr_carea ocr_par ocr_line ocrx_word'/>
</head>
<body>
  <div class='ocr_page' id='page_1' title='image "./quintihoratiifla00hora_0016.png"; bbox 0 0 1841 3349; ppageno 0'>
   <div class='ocr_carea' id='block_1_1' title="bbox 601 118 1174 192">
    <p class='ocr_par' dir='ltr' id='par_1_1' title="bbox 601 118 1174 192">
     <span class='ocr_line' id='line_1_1' title="bbox 601 118 1174 192; baseline 0.002 -7"><span class='ocrx_word' id='word_1_1' title='bbox 601 146 652 192; x_wconf 77' lang='lat' dir='ltr'>Q.</span> <span class='ocrx_word' id='word_1_2' title='bbox 682 145 926 187; x_wconf 83' lang='lat' dir='ltr'><strong>HORATH</strong></span> <span class='ocrx_word' id='word_1_3' title='bbox 955 118 1174 186; x_wconf 79' lang='lat' dir='ltr'>FLAccr</span> 
     </span>
    </p>
   </div>
   <div class='ocr_carea' id='block_1_2' title="bbox 317 262 1704 641">
    <p class='ocr_par' dir='ltr' id='par_1_2' title="bbox 317 262 1704 378">
     <span class='ocr_line' id='line_1_2' title="bbox 317 262 1704 328; baseline 0.002 -17"><span class='ocrx_word' id='word_1_4' title='bbox 317 262 668 326; x_wconf 85' lang='lat' dir='ltr'>Thessalosque</span> <span class='ocrx_word' id='word_1_5' title='bbox 694 267 829 328; x_wconf 87' lang='lat' dir='ltr'>ignes</span> <span class='ocrx_word' id='word_1_6' title='bbox 853 275 901 313; x_wconf 87' lang='lat' dir='ltr'>et</span> <span class='ocrx_word' id='word_1_7' title='bbox 925 266 1086 327; x_wconf 87' lang='lat' dir='ltr'>iniqua</span> <span class='ocrx_word' id='word_1_8' title='bbox 1108 265 1268 328; x_wconf 85' lang='lat' dir='ltr'>Trojae</span> <span class='ocrx_word' id='word_1_9' title='bbox 1643 266 1704 315; x_wconf 85' lang='lat'>15</span> 
     </span>
     <span class='ocr_line' id='line_1_3' title="bbox 583 331 952 378; baseline 0.003 -2"><span class='ocrx_word' id='word_1_10' title='bbox 583 331 751 377; x_wconf 87' lang='lat' dir='ltr'>Castra</span> <span class='ocrx_word' id='word_1_11' title='bbox 776 331 952 378; x_wconf 88' lang='lat' dir='ltr'>fefellit.</span> 
     </span>
    </p>

    <p class='ocr_par' dir='ltr' id='par_1_3' title="bbox 318 395 1086 458">
     <span class='ocr_line' id='line_1_4' title="bbox 318 395 1086 458; baseline 0 -16"><span class='ocrx_word' id='word_1_12' title='bbox 318 395 400 443; x_wconf 92' lang='lat' dir='ltr'>Tu</span> <span class='ocrx_word' id='word_1_13' title='bbox 421 396 523 458; x_wconf 88' lang='lat' dir='ltr'>pias</span> <span class='ocrx_word' id='word_1_14' title='bbox 546 396 666 442; x_wconf 81' lang='lat' dir='ltr'>laetis</span> <span class='ocrx_word' id='word_1_15' title='bbox 692 398 872 442; x_wconf 86' lang='lat' dir='ltr'>animas</span> <span class='ocrx_word' id='word_1_16' title='bbox 895 397 1086 458; x_wconf 87' lang='lat' dir='ltr'>reponis</span> 
     </span>
    </p>

    <p class='ocr_par' dir='ltr' id='par_1_4' title="bbox 320 462 1185 523">
     <span class='ocr_line' id='line_1_5' title="bbox 320 462 1185 523; baseline 0 -15"><span class='ocrx_word' id='word_1_17' title='bbox 320 462 540 520; x_wconf 87' lang='lat' dir='ltr'>Sedibus,</span> <span class='ocrx_word' id='word_1_18' title='bbox 567 463 788 523; x_wconf 75' lang='lat' dir='ltr'>virgaque</span> <span class='ocrx_word' id='word_1_19' title='bbox 813 463 964 508; x_wconf 88' lang='lat' dir='ltr'>levem</span> <span class='ocrx_word' id='word_1_20' title='bbox 990 465 1185 508; x_wconf 75' lang='lat' dir='ltr'>coerces</span> 
     </span>
    </p>

    <p class='ocr_par' dir='ltr' id='par_1_5' title="bbox 318 527 1704 641">
     <span class='ocr_line' id='line_1_6' title="bbox 318 527 1138 590; baseline -0.001 -15"><span class='ocrx_word' id='word_1_21' title='bbox 318 527 482 575; x_wconf 70' lang='lat' dir='ltr'>Aurea</span> <span class='ocrx_word' id='word_1_22' title='bbox 506 528 707 586; x_wconf 86' lang='lat' dir='ltr'>turbam,</span> <span class='ocrx_word' id='word_1_23' title='bbox 734 529 915 590; x_wconf 88' lang='lat' dir='ltr'>superis</span> <span class='ocrx_word' id='word_1_24' title='bbox 940 529 1138 574; x_wconf 89' lang='lat' dir='ltr'>deorum</span> 
     </span>
     <span class='ocr_line' id='line_1_7' title="bbox 579 591 1704 641; baseline -0.001 -1"><span class='ocrx_word' id='word_1_25' title='bbox 579 593 754 641; x_wconf 88' lang='lat' dir='ltr'>Gratus</span> <span class='ocrx_word' id='word_1_26' title='bbox 777 603 825 640; x_wconf 94' lang='lat' dir='ltr'>et</span> <span class='ocrx_word' id='word_1_27' title='bbox 848 593 968 639; x_wconf 86' lang='lat' dir='ltr'>imis.</span> <span class='ocrx_word' id='word_1_28' title='bbox 1637 591 1704 639; x_wconf 76' lang='lat'>20</span> 
     </span>
    </p>
   </div>
   <div class='ocr_carea' id='block_1_3' title="bbox 756 851 983 899">
    <p class='ocr_par' dir='ltr' id='par_1_6' title="bbox 756 851 983 899">
     <span class='ocr_line' id='line_1_8' title="bbox 756 851 983 899; baseline 0 -1"><span class='ocrx_word' id='word_1_29' title='bbox 756 851 896 898; x_wconf 93' lang='lat' dir='ltr'>ODE</span> <span class='ocrx_word' id='word_1_30' title='bbox 919 851 983 899; x_wconf 91' lang='lat' dir='ltr'>X.</span> 
     </span>
    </p>
   </div>
   <div class='ocr_carea' id='block_1_4' title="bbox 303 967 1578 1173">
    <p class='ocr_par' dir='ltr' id='par_1_7' title="bbox 376 967 1548 1160">
     <span class='ocr_line' id='line_1_9' title="bbox 404 967 997 1050; baseline -0.002 -53"><span class='ocrx_word' id='word_1_31' title='bbox 404 1008 407 1011; x_wconf 18' lang='grc' dir='ltr'>ι</span> <span class='ocrx_word' id='word_1_32' title='bbox 762 967 997 1050; x_wconf 53' lang='lat' dir='ltr'><strong>L9UC⁰N⁰</strong></span> 
     </span>
     <span class='ocr_line' id='line_1_10' title="bbox 310 978 653 1161; baseline 0 -124"><span class='ocrx_word' id='word_1_33' title='bbox 310 978 410 1161; x_wconf 84' lang='grc'><em>,</em></span> <span class='ocrx_word' id='word_1_34' title='bbox 622 1022 653 1037; x_wconf 69' lang='grc' dir='ltr'><em>σ</em></span> 
     </span>
     <span class='ocr_line' id='line_1_11' title="bbox 303 967 1578 1173; baseline 0 -77"><span class='ocrx_word' id='word_1_35' title='bbox 303 978 617 1161; x_wconf 41' lang='lat' dir='ltr'>{quaesiems</span> <span class='ocrx_word' id='word_1_36' title='bbox 547 967 1225 1173; x_wconf 46' lang='lat' dir='ltr'>mresnefaffoem</span> <span class='ocrx_word' id='word_1_37' title='bbox 1142 1049 1275 1107; x_wconf 89' lang='lat' dir='ltr'>mihi,</span> <span class='ocrx_word' id='word_1_38' title='bbox 1299 993 1458 1161; x_wconf 50' lang='lat' dir='ltr'>queg(</span> <span class='ocrx_word' id='word_1_39' title='bbox 1384 993 1578 1161; x_wconf 50' lang='grc' dir='ltr'>3(ῐίὒί</span> 
     </span>
    </p>
   </div>
   <div class='ocr_carea' id='block_1_5' title="bbox 183 1084 1701 1572">
    <p class='ocr_par' dir='ltr' id='par_1_8' title="bbox 183 1084 1536 1242">
     <span class='ocr_line' id='line_1_12' title="bbox 183 1084 1437 1175; baseline -0.002 -12"><span class='ocrx_word' id='word_1_40' title='bbox 183 1115 305 1163; x_wconf 88' lang='lat' dir='ltr'>Fine</span> <span class='ocrx_word' id='word_1_41' title='bbox 380 1116 427 1161; x_wconf 88' lang='lat' dir='ltr'>di</span> <span class='ocrx_word' id='word_1_42' title='bbox 454 1100 614 1171; x_wconf 79' lang='lat' dir='ltr'>dederi</span> <span class='ocrx_word' id='word_1_43' title='bbox 654 1125 670 1161; x_wconf 91' lang='lat' dir='ltr'>t</span> <span class='ocrx_word' id='word_1_44' title='bbox 713 1084 907 1161; x_wconf 82' lang='lat' dir='ltr'>Leucon</span> <span class='ocrx_word' id='word_1_45' title='bbox 1036 1130 1126 1160; x_wconf 92' lang='lat' dir='ltr'>nec</span> <span class='ocrx_word' id='word_1_46' title='bbox 1153 1115 1380 1175; x_wconf 82' lang='lat' dir='ltr'>Babyloni</span> <span class='ocrx_word' id='word_1_47' title='bbox 1414 1131 1437 1161; x_wconf 86' lang='lat' dir='ltr'>s</span> 
     </span>
     <span class='ocr_line' id='line_1_13' title="bbox 185 1180 1536 1242; baseline -0.001 -14"><span class='ocrx_word' id='word_1_48' title='bbox 185 1181 411 1228; x_wconf 88' lang='lat' dir='ltr'>Tentaris</span> <span class='ocrx_word' id='word_1_49' title='bbox 436 1198 670 1227; x_wconf 84' lang='lat' dir='ltr'>numeros.</span> <span class='ocrx_word' id='word_1_50' title='bbox 742 1181 803 1227; x_wconf 89' lang='lat' dir='ltr'>Ut</span> <span class='ocrx_word' id='word_1_51' title='bbox 829 1180 1014 1238; x_wconf 84' lang='lat' dir='ltr'>meliuS‚</span> <span class='ocrx_word' id='word_1_52' title='bbox 1040 1181 1261 1241; x_wconf 84' lang='lat' dir='ltr'>quidquid</span> <span class='ocrx_word' id='word_1_53' title='bbox 1289 1181 1391 1239; x_wconf 87' lang='lat' dir='ltr'>erit,</span> <span class='ocrx_word' id='word_1_54' title='bbox 1419 1180 1536 1242; x_wconf 87' lang='lat' dir='ltr'>pati!</span> 
     </span>
    </p>

    <p class='ocr_par' dir='ltr' id='par_1_9' title="bbox 186 1220 1445 1309">
     <span class='ocr_line' id='line_1_14' title="bbox 186 1220 1445 1309; baseline -0.002 -15"><span class='ocrx_word' id='word_1_55' title='bbox 186 1248 283 1294; x_wconf 89' lang='lat' dir='ltr'>Seu</span> <span class='ocrx_word' id='word_1_56' title='bbox 306 1247 464 1309; x_wconf 87' lang='lat' dir='ltr'>plures</span> <span class='ocrx_word' id='word_1_57' title='bbox 491 1249 685 1304; x_wconf 83' lang='lat' dir='ltr'>hiemes,</span> <span class='ocrx_word' id='word_1_58' title='bbox 712 1263 794 1292; x_wconf 88' lang='lat' dir='ltr'>seu</span> <span class='ocrx_word' id='word_1_59' title='bbox 819 1247 981 1292; x_wconf 81' lang='lat' dir='ltr'>tribuit</span> <span class='ocrx_word' id='word_1_60' title='bbox 1005 1246 1190 1307; x_wconf 86' lang='lat' dir='ltr'>Jupiter</span> <span class='ocrx_word' id='word_1_61' title='bbox 1218 1220 1445 1305; x_wconf 78' lang='lat' dir='ltr'>ultimam,</span> 
     </span>
    </p>

    <p class='ocr_par' dir='ltr' id='par_1_10' title="bbox 184 1311 1701 1439">
     <span class='ocr_line' id='line_1_15' title="bbox 184 1311 1701 1374; baseline -0.001 -14"><span class='ocrx_word' id='word_1_62' title='bbox 184 1313 310 1362; x_wconf 76' lang='lat' dir='ltr'>Quae</span> <span class='ocrx_word' id='word_1_63' title='bbox 335 1329 465 1358; x_wconf 89' lang='lat' dir='ltr'>nunc</span> <span class='ocrx_word' id='word_1_64' title='bbox 489 1314 713 1374; x_wconf 85' lang='lat' dir='ltr'>oppositis</span> <span class='ocrx_word' id='word_1_65' title='bbox 738 1313 951 1358; x_wconf 84' lang='lat' dir='ltr'>debilitat</span> <span class='ocrx_word' id='word_1_66' title='bbox 970 1312 1236 1373; x_wconf 86' lang='lat' dir='ltr'>pumicibus</span> <span class='ocrx_word' id='word_1_67' title='bbox 1262 1327 1389 1357; x_wconf 87' lang='lat' dir='ltr'>mare</span> <span class='ocrx_word' id='word_1_68' title='bbox 1670 1311 1701 1359; x_wconf 87' lang='grc'><strong><em>5</em></strong></span> 
     </span>
     <span class='ocr_line' id='line_1_16' title="bbox 185 1377 1481 1439; baseline -0.002 -15"><span class='ocrx_word' id='word_1_69' title='bbox 185 1377 505 1439; x_wconf 89' lang='lat' dir='ltr'>Tyrrhenum.</span> <span class='ocrx_word' id='word_1_70' title='bbox 579 1380 759 1439; x_wconf 82' lang='lat' dir='ltr'>Sapias,</span> <span class='ocrx_word' id='word_1_71' title='bbox 786 1380 892 1424; x_wconf 86' lang='lat' dir='ltr'>vina</span> <span class='ocrx_word' id='word_1_72' title='bbox 916 1379 1081 1438; x_wconf 87' lang='lat' dir='ltr'>liques,</span> <span class='ocrx_word' id='word_1_73' title='bbox 1108 1387 1155 1423; x_wconf 88' lang='lat' dir='ltr'>et</span> <span class='ocrx_word' id='word_1_74' title='bbox 1179 1378 1328 1439; x_wconf 84' lang='lat' dir='ltr'>spatio</span> <span class='ocrx_word' id='word_1_75' title='bbox 1355 1377 1481 1422; x_wconf 86' lang='lat' dir='ltr'>brevi</span> 
     </span>
    </p>

    <p class='ocr_par' dir='ltr' id='par_1_11' title="bbox 186 1442 1628 1572">
     <span class='ocr_line' id='line_1_17' title="bbox 186 1442 1628 1506; baseline -0.001 -16"><span class='ocrx_word' id='word_1_76' title='bbox 186 1444 330 1506; x_wconf 86' lang='lat' dir='ltr'>Spem</span> <span class='ocrx_word' id='word_1_77' title='bbox 357 1445 545 1506; x_wconf 81' lang='lat' dir='ltr'>longam</span> <span class='ocrx_word' id='word_1_78' title='bbox 571 1461 769 1490; x_wconf 78' lang='lat' dir='ltr'>reseces.</span> <span class='ocrx_word' id='word_1_79' title='bbox 842 1445 969 1490; x_wconf 92' lang='lat' dir='ltr'>Dum</span> <span class='ocrx_word' id='word_1_80' title='bbox 996 1444 1245 1504; x_wconf 88' lang='lat' dir='ltr'>loquimur,</span> <span class='ocrx_word' id='word_1_81' title='bbox 1272 1443 1443 1504; x_wconf 85' lang='lat' dir='ltr'>fugerit</span> <span class='ocrx_word' id='word_1_82' title='bbox 1469 1442 1628 1488; x_wconf 88' lang='lat' dir='ltr'>invida</span> 
     </span>
     <span class='ocr_line' id='line_1_18' title="bbox 186 1508 1610 1572; baseline -0.002 -15"><span class='ocrx_word' id='word_1_83' title='bbox 186 1509 335 1557; x_wconf 87' lang='lat' dir='ltr'>AEtas.</span> <span class='ocrx_word' id='word_1_84' title='bbox 407 1511 561 1572; x_wconf 83' lang='lat' dir='ltr'>Carpe</span> <span class='ocrx_word' id='word_1_85' title='bbox 587 1511 729 1570; x_wconf 87' lang='lat' dir='ltr'>diem,</span> <span class='ocrx_word' id='word_1_86' title='bbox 755 1508 1173 1572; x_wconf 49' lang='lat' dir='ltr'>quam-‘minimurn</span> <span class='ocrx_word' id='word_1_87' title='bbox 1198 1509 1391 1556; x_wconf 85' lang='lat' dir='ltr'>credula</span> <span class='ocrx_word' id='word_1_88' title='bbox 1413 1517 1610 1571; x_wconf 88' lang='lat' dir='ltr'>postero.</span> 
     </span>
    </p>
   </div>
   <div class='ocr_carea' id='block_1_6' title="bbox 742 1769 1006 1817">
    <p class='ocr_par' dir='ltr' id='par_1_12' title="bbox 742 1769 1006 1817">
     <span class='ocr_line' id='line_1_19' title="bbox 742 1769 1006 1817; baseline -0.008 0"><span class='ocrx_word' id='word_1_89' title='bbox 742 1769 882 1817; x_wconf 91' lang='lat' dir='ltr'>ODE</span> <span class='ocrx_word' id='word_1_90' title='bbox 917 1769 1006 1816; x_wconf 88' lang='lat' dir='ltr'>XI.</span> 
     </span>
    </p>
   </div>
   <div class='ocr_carea' id='block_1_7' title="bbox 675 1883 1062 1915">
    <p class='ocr_par' dir='ltr' id='par_1_13' title="bbox 675 1883 1062 1915">
     <span class='ocr_line' id='line_1_20' title="bbox 675 1883 1062 1915; baseline 0 -1"><span class='ocrx_word' id='word_1_91' title='bbox 675 1883 754 1914; x_wconf 79' lang='lat' dir='ltr'>‚AD</span> <span class='ocrx_word' id='word_1_92' title='bbox 779 1883 1062 1915; x_wconf 87' lang='lat' dir='ltr'>AUGUSTUM.</span> 
     </span>
    </p>
   </div>
   <div class='ocr_carea' id='block_1_8' title="bbox 310 1966 1702 3140">
    <p class='ocr_par' dir='ltr' id='par_1_14' title="bbox 310 1966 1702 3140">
     <span class='ocr_line' id='line_1_21' title="bbox 310 1966 1260 2025; baseline -0.001 -11"><span class='ocrx_word' id='word_1_93' title='bbox 310 1967 472 2019; x_wconf 73' lang='lat' dir='ltr'><strong>QUEM</strong></span> <span class='ocrx_word' id='word_1_94' title='bbox 496 1967 646 2012; x_wconf 91' lang='lat' dir='ltr'>virum</span> <span class='ocrx_word' id='word_1_95' title='bbox 672 1974 751 2011; x_wconf 87' lang='lat' dir='ltr'>aut</span> <span class='ocrx_word' id='word_1_96' title='bbox 775 1966 917 2011; x_wconf 87' lang='lat' dir='ltr'>heroa</span> <span class='ocrx_word' id='word_1_97' title='bbox 940 1966 1042 2025; x_wconf 69' lang='lat' dir='ltr'>lyra</span> <span class='ocrx_word' id='word_1_98' title='bbox 1066 1966 1138 2011; x_wconf 90' lang='lat' dir='ltr'>vel</span> <span class='ocrx_word' id='word_1_99' title='bbox 1163 1966 1260 2013; x_wconf 88' lang='lat' dir='ltr'>acri</span> 
     </span>
     <span class='ocr_line' id='line_1_22' title="bbox 313 2031 1077 2087; baseline -0.005 -6"><span class='ocrx_word' id='word_1_100' title='bbox 313 2033 458 2081; x_wconf 74' lang='lat' dir='ltr'>Tibia</span> <span class='ocrx_word' id='word_1_101' title='bbox 484 2033 629 2079; x_wconf 80' lang='lat' dir='ltr'>sumis</span> <span class='ocrx_word' id='word_1_102' title='bbox 653 2032 906 2087; x_wconf 89' lang='lat' dir='ltr'>celebrare,</span> <span class='ocrx_word' id='word_1_103' title='bbox 933 2031 1077 2077; x_wconf 67' lang='lat' dir='ltr'>Clio?</span> 
     </span>
     <span class='ocr_line' id='line_1_23' title="bbox 310 2096 1207 2156; baseline -0.006 -10"><span class='ocrx_word' id='word_1_104' title='bbox 310 2099 475 2150; x_wconf 77' lang='lat' dir='ltr'>Quem</span> <span class='ocrx_word' id='word_1_105' title='bbox 500 2100 658 2154; x_wconf 84' lang='lat' dir='ltr'>deum,</span> <span class='ocrx_word' id='word_1_106' title='bbox 684 2096 819 2156; x_wconf 86' lang='lat' dir='ltr'>cujus</span> <span class='ocrx_word' id='word_1_107' title='bbox 846 2096 1025 2141; x_wconf 89' lang='lat' dir='ltr'>recinet</span> <span class='ocrx_word' id='word_1_108' title='bbox 1044 2096 1207 2156; x_wconf 89' lang='lat' dir='ltr'>jocosa</span> 
     </span>
     <span class='ocr_line' id='line_1_24' title="bbox 575 2161 963 2220; baseline -0.003 -13"><span class='ocrx_word' id='word_1_109' title='bbox 575 2161 764 2207; x_wconf 90' lang='lat' dir='ltr'>Nomen</span> <span class='ocrx_word' id='word_1_110' title='bbox 793 2161 963 2220; x_wconf 82' lang='lat' dir='ltr'>imago,</span> 
     </span>
     <span class='ocr_line' id='line_1_25' title="bbox 313 2225 1702 2282; baseline -0.007 -5"><span class='ocrx_word' id='word_1_111' title='bbox 313 2230 415 2276; x_wconf 89' lang='lat' dir='ltr'>Aut</span> <span class='ocrx_word' id='word_1_112' title='bbox 439 2229 486 2274; x_wconf 91' lang='lat' dir='ltr'>in</span> <span class='ocrx_word' id='word_1_113' title='bbox 512 2228 743 2273; x_wconf 80' lang='lat' dir='ltr'>umbrosis</span> <span class='ocrx_word' id='word_1_114' title='bbox 770 2225 1022 2279; x_wconf 84' lang='lat' dir='ltr'>Heliconis</span> <span class='ocrx_word' id='word_1_115' title='bbox 1042 2226 1151 2282; x_wconf 86' lang='lat' dir='ltr'>oris,</span> <span class='ocrx_word' id='word_1_116' title='bbox 1668 2227 1702 2274; x_wconf 84' lang='lat'><em>5</em></span> 
     </span>
     <span class='ocr_line' id='line_1_26' title="bbox 314 2289 1295 2355; baseline -0.004 -14"><span class='ocrx_word' id='word_1_117' title='bbox 314 2296 414 2341; x_wconf 90' lang='lat' dir='ltr'>Aut</span> <span class='ocrx_word' id='word_1_118' title='bbox 439 2310 575 2355; x_wconf 84' lang='lat' dir='ltr'>super</span> <span class='ocrx_word' id='word_1_119' title='bbox 603 2293 768 2347; x_wconf 27' lang='lat' dir='ltr'>Piis-do,</span> <span class='ocrx_word' id='word_1_120' title='bbox 795 2291 1007 2352; x_wconf 80' lang='lat' dir='ltr'>gelidove</span> <span class='ocrx_word' id='word_1_121' title='bbox 1033 2291 1081 2336; x_wconf 91' lang='lat' dir='ltr'>in</span> <span class='ocrx_word' id='word_1_122' title='bbox 1106 2289 1295 2350; x_wconf 81' lang='lat' dir='ltr'>Ilaemo,</span> 
     </span>
     <span class='ocr_line' id='line_1_27' title="bbox 312 2355 1141 2408; baseline -0.008 0"><span class='ocrx_word' id='word_1_123' title='bbox 312 2360 452 2408; x_wconf 88' lang='lat' dir='ltr'>Unde</span> <span class='ocrx_word' id='word_1_124' title='bbox 477 2359 684 2406; x_wconf 74' lang='lat' dir='ltr'>vocalem</span> <span class='ocrx_word' id='word_1_125' title='bbox 712 2355 888 2404; x_wconf 76' lang='lat' dir='ltr'>temere</span> <span class='ocrx_word' id='word_1_126' title='bbox 915 2357 1141 2402; x_wconf 85' lang='lat' dir='ltr'>insecutae</span> 
     </span>
     <span class='ocr_line' id='line_1_28' title="bbox 576 2423 937 2484; baseline -0.011 -14"><span class='ocrx_word' id='word_1_127' title='bbox 576 2425 766 2484; x_wconf 83' lang='lat' dir='ltr'>Orphea</span> <span class='ocrx_word' id='word_1_128' title='bbox 794 2423 937 2480; x_wconf 85' lang='lat' dir='ltr'>silvae,</span> 
     </span>
     <span class='ocr_line' id='line_1_29' title="bbox 313 2489 1163 2549; baseline -0.006 -12"><span class='ocrx_word' id='word_1_129' title='bbox 313 2491 431 2537; x_wconf 86' lang='lat' dir='ltr'>Arte</span> <span class='ocrx_word' id='word_1_130' title='bbox 456 2490 668 2536; x_wconf 57' lang='lat' dir='ltr'>materna</span> <span class='ocrx_word' id='word_1_131' title='bbox 695 2489 877 2549; x_wconf 77' lang='lat' dir='ltr'>rapidos</span> <span class='ocrx_word' id='word_1_132' title='bbox 903 2496 1163 2533; x_wconf 81' lang='lat' dir='ltr'>morantem</span> 
     </span>
     <span class='ocr_line' id='line_1_30' title="bbox 314 2551 1701 2615; baseline -0.002 -13"><span class='ocrx_word' id='word_1_133' title='bbox 314 2555 586 2602; x_wconf 82' lang='lat' dir='ltr'>Fluminurn</span> <span class='ocrx_word' id='word_1_134' title='bbox 614 2556 786 2615; x_wconf 79' lang='lat' dir='ltr'>lapsus,</span> <span class='ocrx_word' id='word_1_135' title='bbox 814 2554 1082 2612; x_wconf 84' lang='lat' dir='ltr'>celeresque</span> <span class='ocrx_word' id='word_1_136' title='bbox 1104 2561 1283 2612; x_wconf 80' lang='lat' dir='ltr'>ventos,</span> <span class='ocrx_word' id='word_1_137' title='bbox 1641 2551 1701 2599; x_wconf 89' lang='lat'>10</span> 
     </span>
     <span class='ocr_line' id='line_1_31' title="bbox 314 2619 1222 2669; baseline -0.006 0"><span class='ocrx_word' id='word_1_138' title='bbox 314 2622 548 2669; x_wconf 86' lang='lat' dir='ltr'>Blandum</span> <span class='ocrx_word' id='word_1_139' title='bbox 575 2630 620 2666; x_wconf 93' lang='lat' dir='ltr'>et</span> <span class='ocrx_word' id='word_1_140' title='bbox 646 2622 817 2666; x_wconf 82' lang='lat' dir='ltr'>auritas</span> <span class='ocrx_word' id='word_1_141' title='bbox 843 2619 1012 2664; x_wconf 86' lang='lat' dir='ltr'>fidibus</span> <span class='ocrx_word' id='word_1_142' title='bbox 1037 2619 1222 2665; x_wconf 89' lang='lat' dir='ltr'>canoris</span> 
     </span>
     <span class='ocr_line' id='line_1_32' title="bbox 580 2680 1028 2745; baseline -0.007 -14"><span class='ocrx_word' id='word_1_143' title='bbox 580 2686 769 2732; x_wconf 83' lang='lat' dir='ltr'>Ducere</span> <span class='ocrx_word' id='word_1_144' title='bbox 795 2680 1028 2745; x_wconf 67' lang='lat' dir='ltr'>quercus?</span> 
     </span>
     <span class='ocr_line' id='line_1_33' title="bbox 314 2749 1195 2812; baseline -0.007 -14"><span class='ocrx_word' id='word_1_145' title='bbox 314 2751 448 2801; x_wconf 81' lang='lat' dir='ltr'>Quid</span> <span class='ocrx_word' id='word_1_146' title='bbox 474 2750 603 2812; x_wconf 75' lang='lat' dir='ltr'>prius</span> <span class='ocrx_word' id='word_1_147' title='bbox 628 2753 782 2796; x_wconf 85' lang='lat' dir='ltr'>dicam</span> <span class='ocrx_word' id='word_1_148' title='bbox 809 2751 954 2796; x_wconf 83' lang='lat' dir='ltr'>solitis</span> <span class='ocrx_word' id='word_1_149' title='bbox 980 2749 1195 2793; x_wconf 86' lang='lat' dir='ltr'>Parentis</span> 
     </span>
     <span class='ocr_line' id='line_1_34' title="bbox 317 2814 1356 2875; baseline -0.007 -11"><span class='ocrx_word' id='word_1_150' title='bbox 317 2817 575 2872; x_wconf 80' lang='lat' dir='ltr'>Laudibus,</span> <span class='ocrx_word' id='word_1_151' title='bbox 596 2817 672 2875; x_wconf 84' lang='lat' dir='ltr'>qui</span> <span class='ocrx_word' id='word_1_152' title='bbox 701 2832 771 2860; x_wconf 74' lang='lat' dir='ltr'>res</span> <span class='ocrx_word' id='word_1_153' title='bbox 796 2816 1038 2861; x_wconf 87' lang='lat' dir='ltr'>hominum</span> <span class='ocrx_word' id='word_1_154' title='bbox 1064 2829 1118 2858; x_wconf 90' lang='lat' dir='ltr'>ac</span> <span class='ocrx_word' id='word_1_155' title='bbox 1144 2814 1356 2871; x_wconf 80' lang='lat' dir='ltr'>deorum,</span> 
     </span>
     <span class='ocr_line' id='line_1_35' title="bbox 316 2877 1702 2939; baseline -0.004 -11"><span class='ocrx_word' id='word_1_156' title='bbox 316 2882 419 2933; x_wconf 80' lang='lat' dir='ltr'>Qui</span> <span class='ocrx_word' id='word_1_157' title='bbox 444 2898 572 2927; x_wconf 85' lang='lat' dir='ltr'>mare</span> <span class='ocrx_word' id='word_1_158' title='bbox 599 2898 653 2925; x_wconf 84' lang='lat' dir='ltr'>ac</span> <span class='ocrx_word' id='word_1_159' title='bbox 678 2880 839 2937; x_wconf 80' lang='lat' dir='ltr'>terras,</span> <span class='ocrx_word' id='word_1_160' title='bbox 865 2880 1095 2939; x_wconf 84' lang='lat' dir='ltr'>variisque</span> <span class='ocrx_word' id='word_1_161' title='bbox 1118 2878 1349 2924; x_wconf 90' lang='lat' dir='ltr'>mundum</span> <span class='ocrx_word' id='word_1_162' title='bbox 1643 2877 1702 2924; x_wconf 89' lang='lat'>15</span> 
     </span>
     <span class='ocr_line' id='line_1_36' title="bbox 580 2946 1020 3006; baseline -0.002 -15"><span class='ocrx_word' id='word_1_163' title='bbox 580 2946 838 3006; x_wconf 81' lang='lat' dir='ltr'>Temperat</span> <span class='ocrx_word' id='word_1_164' title='bbox 863 2946 1020 2991; x_wconf 65' lang='lat' dir='ltr'>horis?</span> 
     </span>
     <span class='ocr_line' id='line_1_37' title="bbox 319 3010 1148 3072; baseline -0.006 -13"><span class='ocrx_word' id='word_1_165' title='bbox 319 3012 458 3059; x_wconf 91' lang='lat' dir='ltr'>Unde</span> <span class='ocrx_word' id='word_1_166' title='bbox 483 3011 546 3056; x_wconf 90' lang='lat' dir='ltr'>nil</span> <span class='ocrx_word' id='word_1_167' title='bbox 575 3012 722 3072; x_wconf 79' lang='lat' dir='ltr'>majus</span> <span class='ocrx_word' id='word_1_168' title='bbox 758 3019 1008 3071; x_wconf 82' lang='lat' dir='ltr'>generatur</span> <span class='ocrx_word' id='word_1_169' title='bbox 1033 3010 1148 3070; x_wconf 88' lang='lat' dir='ltr'>ipso,</span> 
     </span>
     <span class='ocr_line' id='line_1_38' title="bbox 321 3074 1448 3140; baseline -0.004 -15"><span class='ocrx_word' id='word_1_170' title='bbox 321 3077 429 3125; x_wconf 90' lang='lat' dir='ltr'>Nec</span> <span class='ocrx_word' id='word_1_171' title='bbox 452 3078 577 3140; x_wconf 86' lang='lat' dir='ltr'>viget</span> <span class='ocrx_word' id='word_1_172' title='bbox 600 3077 854 3138; x_wconf 88' lang='lat' dir='ltr'>quidquam</span> <span class='ocrx_word' id='word_1_173' title='bbox 879 3076 1030 3122; x_wconf 82' lang='lat' dir='ltr'>simile</span> <span class='ocrx_word' id='word_1_174' title='bbox 1053 3083 1135 3121; x_wconf 87' lang='lat' dir='ltr'>aut</span> <span class='ocrx_word' id='word_1_175' title='bbox 1158 3074 1448 3122; x_wconf 86' lang='lat' dir='ltr'>secundum:</span> 
     </span>
    </p>
   </div>
  </div>
 </body>
</html>
