1841 3349
589 169 921 211 CARMrNUM
950 171 1058 211 Lm.
1088 174 1123 211 1.
1619 175 1680 224 13

695 353 840 401 §DE
874 354 1013 402 XVI.

721 468 787 498 AD
812 468 941 499 VARU
947 468 984 498 M

100 553 332 609 Nummi,
355 551 498 608 Vare,
524 550 659 595 sacra
683 550 774 596 vite
799 548 930 611 prius
954 550 1127 596 severis
1152 551 1364 598 arborem

97 619 240 665 Circa
263 618 374 665 mite
395 616 546 662 solum
571 615 782 673 Tiburis,
809 625 856 661 et
880 616 1054 661 rnoenia
1079 616 1248 664 Catili:

97 685 248 731 Siccis
272 683 431 729 omnia
454 697 562 727 nani
588 682 706 726 dura
741 682 872 726 Deus
896 682 1159 742 proposuit3
1198 696 1351 742 neque

95 750 347 797 Mordaces
373 748 504 794 aliter
530 747 783 807 diffugiunt
807 747 1161 792 sollicitudines,

93 816 220 866 Quis
243 824 346 877 post
369 815 478 859 vina
500 828 689 874 gravem
716 812 926 857 militiam
954 821 1033 857 aut
1056 813 1329 873 pauperiem
1354 814 1548 874 crepat?
1646 814 1679 861 5

93 882 220 932 Quis
244 897 337 927 non
362 889 407 925 te
432 876 604 940 potius,
630 878 819 923 Bacche
845 887 991 938 pater,
1017 887 1173 937 teque,
1199 878 1377 924 decens
1402 879 1601 926 Venus!

94 948 162 993 At
185 963 245 992 ne
270 946 372 1007 quis
396 944 569 991 modici
593 944 823 989 transiliat
849 959 1044 988 munera
1068 943 1244 1001 Liberi,

95 1013 365 1059 Centaurea
388 1019 548 1056 monet
573 1025 681 1054 cum
708 1008 920 1068 Lapithis
945 1008 1044 1053 rixa
1069 1025 1208 1068 super
1232 1024 1361 1055 mero

94 1078 368 1132 Debellata3
405 1084 565 1121 monet
591 1075 822 1120 Sithoniis
847 1090 941 1119 non
967 1073 1081 1118 levis
1106 1074 1268 1132 Evius,

91 1144 260 1194 Quum
286 1143 353 1188 fas
378 1151 515 1201 atque
540 1140 672 1185 nefas
696 1141 867 1200 exiguo
894 1139 984 1184 fine
1009 1139 1260 1184 libidinum
1620 1141 1680 1188 10

93 1209 385 1256 Discernunt
409 1206 545 1253 avidi.
568 1259 571 1261 ¹
616 1187 728 1250 Non
753 1221 841 1265 ego
866 1215 927 1262 te,
955 1206 1157 1250 candide
1183 1205 1433 1267 Bassareu,

94 1275 301 1322 Invitum
326 1273 530 1334 quatiam
554 1287 563 1316 :
599 1286 691 1316 nec
716 1271 854 1315 variis
878 1270 1030 1315 obsita
1054 1270 1300 1316 frondibus

94 1342 194 1387 Sub
219 1341 378 1386 divum
401 1338 593 1399 rapiam.
666 1336 801 1381 Saeva
825 1345 934 1381 tene
955 1351 1063 1380 cum
1089 1335 1406 1396 Berecynthio

93 1407 257 1453 Cornu
280 1414 516 1466 tympana,
543 1417 646 1463 quae
671 1402 967 1461 subsequitur
992 1416 1148 1446 caecus
1173 1401 1322 1447 Amor
1346 1401 1434 1460 sui,

91 1473 154 1519 Et
178 1472 345 1518 tollens
368 1485 568 1515 vacuum
592 1465 698 1529 plus
722 1468 869 1513 nimio
893 1467 1054 1512 Gloria
1077 1467 1316 1527 verticem,
1619 1469 1679 1516 15

93 1538 366 1599 Arcanique
386 1535 530 1582 Fides
553 1534 763 1597 prodiga,
788 1533 1070 1595 perlucidior
1094 1533 1224 1580 vitro.

682 1797 821 1844 ODE
856 1775 1023 1844 xvir.

633 1912 700 1942 AD
735 1910 1079 1942 MAECENATEM.

288 1996 417 2042 VILE
441 1993 623 2056 potabis
649 1994 847 2038 modicis
873 1993 1101 2038 Sabinum

288 2061 557 2116 Cantharis,
582 2059 752 2104 Graeca
777 2059 901 2118 quod
926 2074 1014 2118 ego
1038 2058 1137 2119 ipse
1161 2059 1283 2114 testa

288 2124 676 2182 Conditum‘levi,
703 2124 840 2169 datus
864 2124 912 2169 in
937 2125 1120 2170 theatro

552 2190 720 2239 Quum
745 2190 830 2235 tibi
854 2190 1061 2251 plausus,

287 2258 410 2305 Care
436 2255 677 2302 Maecenas
700 2272 858 2316 eques,
886 2265 936 2300 ut
959 2255 1144 2316 paterni
1211 2254 1218 2259 ’
1643 2257 1678 2306 ὅ

286 2323 521 2370 Fluminis
544 2323 671 2383 ripae,
692 2322 834 2373 simul
860 2330 906 2366 et
925 2322 1088 2382 jocosa

285 2390 530 2436 Redderet
554 2389 717 2434 laudes
742 2388 826 2434 tibi
850 2388 1073 2434 Vaticani

234 2468 238 2473 ’
549 2453 729 2500 Montis
753 2454 920 2514 imago.

287 2520 549 2567 Caecubum
573 2529 620 2566 et
642 2519 784 2580 praelo
809 2519 1034 2565 domitam
1061 2518 1246 2566 Caleno

286 2586 368 2633 Tu
392 2586 524 2632 bibes
547 2601 713 2630 uvam:
750 2601 856 2630 mea
880 2600 970 2630 nec
995 2584 1212 2630 Falernae
1611 2582 1676 2632 10

285 2650 578 2713 Temperant
601 2650 716 2695 vites
739 2665 892 2708 neque
917 2648 1158 2695 Formiani

261 2715 263 2718 ’
292 2718 297 2722 ’
550 2714 728 2762 Pocula
751 2713 907 2759 colles.

417 2781 452 2830 2
