1841 3349
642 122 973 193 CARMINUM
1004 152 1110 191 Lm.
1141 153 1174 191 1.
1693 148 1728 195 3

349 273 443 320 Cui
468 270 596 318 dabit
616 278 772 333 partes
796 270 948 316 scelus
971 270 1191 331 expiandi

348 337 379 384 J
382 337 566 399 upiter'!
602 336 795 382 tandem
818 335 993 393 veniaS,
1018 350 1281 396 precamur,
1665 335 1730 382 30

347 403 491 449 Nube
515 402 774 448 candentes
798 401 1016 446 humeros
1041 401 1255 458 amictus,

611 467 780 527 Augur
805 465 988 526 Apollo.

352 533 461 579 Sive
485 542 537 578 tu
559 532 721 589 mavis,
747 531 954 591 Erycina
976 531 1152 587 ridens,

347 598 511 647 Quam
537 597 682 643 Jocus
706 596 1025 654 circumvolat,
1050 605 1097 641 et
1121 595 1320 656 Cupido.

352 664 461 710 Sive
486 662 756 724 neglectum
780 677 930 722 genus
955 670 1001 706 et
1024 669 1237 722 nepotes
1270 686 1272 690 ι
1302 678 1305 679 ’
1331 670 1335 672 “
1667 659 1732 705 35

614 727 850 786 Respicis,
878 734 1054 783 auctor,

353 792 490 839 Heu!
528 792 668 837 nimis
691 792 831 852 longo
858 792 1021 836 satiate
1046 791 1173 848 ludo,
1202 850 1205 851 ⁷

353 858 516 908 Quem
536 857 665 918 juvat
689 857 878 913 clamor,
904 856 1142 917 galeaeque
1166 855 1291 900 leves

353 925 480 971 Acer
505 932 551 968 et
575 921 732 966 Mauri
755 922 925 982 peditis
950 930 1199 967 cruentum

615 988 786 1032 Vultus
811 988 858 1031 in
884 987 1092 1031 hostem:
1670 983 1734 1030 40

357 1055 466 1101 Sive
487 1053 670 1098 mutata
691 1052 912 1112 juvenem
936 1051 1103 1112 figura,

353 1120 485 1177 Ales,
511 1119 560 1164 in
583 1118 717 1163 terris
740 1117 950 1175 imitaris,
978 1116 1110 1161 almae

353 1184 503 1230 Filius
527 1182 685 1240 Maiae,
709 1183 892 1243 patiens
915 1182 1071 1228 vocari

618 1247 818 1292 Caesaris
844 1248 963 1292 ultor
984 1263 992 1292 ;

355 1315 499 1361 Serus
517 1314 566 1359 in
591 1313 764 1358 coelum
786 1313 967 1369 redeas,
994 1312 1166 1372 diuque
1670 1310 1734 1357 45

352 1380 512 1426 Laetus
535 1379 720 1425 intersis
742 1378 913 1440 populo
935 1377 1157 1434 Quirini3

353 1445 488 1492 Neve
512 1454 558 1491 te
581 1444 750 1491 nostris
774 1444 896 1490 vitiis
919 1443 1133 1504 iniquum

572 1512 576 1515 ’
616 1509 761 1556 Ocior
786 1526 899 1555 aura

352 1575 526 1622 Tollat.
597 1574 695 1621 Hic
720 1591 915 1637 magnos
938 1570 1094 1636 potius
1117 1573 1394 1634 triumphos,

353 1640 452 1687 Hic
475 1657 603 1687 ames
627 1640 722 1686 dici
744 1642 881 1687 Pater
906 1650 1042 1701 atque
1067 1640 1318 1700 Princeps:
1668 1637 1735 1685 50

355 1706 466 1753 Neu
489 1707 616 1753 sinas
640 1702 809 1752 Medos
832 1706 1040 1766 equitare
1064 1705 1254 1762 inultm,

615 1770 692 1817 Te
715 1771 853 1831 duce,
879 1771 1054 1817 Caesar.

779 2030 918 2077 ODE
952 2029 1047 2075 ΙΙΙ.

106 2149 168 2180 ΑΒ
190 2147 364 2180 NAVEM
387 2145 488 2182 QUA
509 2143 756 2176 VIRGILIUS
780 2142 1012 2174 ATHENAS
1036 2142 1386 2174 PROFICISCENS
1409 2143 1724 2177 VEHEBATUR.

554 2228 638 2273 Sic
662 2235 708 2272 te
733 2226 839 2272 diva
861 2234 1029 2287 potens
1052 2225 1213 2286 Cypri,

357 2295 439 2341 Sic
463 2294 626 2339 fratres
651 2292 866 2350 Helenae,
892 2292 1051 2337 lucida
1075 2291 1244 2350 sidera,

550 2359 904 2418 Ventorumque
928 2366 1060 2418 regat
1081 2366 1228 2419 pater,

355 2424 608 2472 Obstrictis
631 2424 749 2482 aliis,
773 2432 939 2485 praeter
963 2422 1158 2484 Iapyga,
1579 2481 1582 2483 μ

549 2489 712 2547 Navis,
735 2505 838 2550 quae
862 2489 947 2534 tibi
970 2490 1201 2534 creditum
1705 2489 1740 2536 5

361 2555 521 2601 Debes
543 2555 796 2616 Virgilium
837 2554 1008 2600 finibus
1033 2554 1221 2609 Atticis,

549 2620 747 2664 Reddas
770 2620 1074 2677 incolumem,
1098 2634 1280 2680 precor,

355 2684 419 2732 Et
441 2700 596 2731 serves
619 2685 787 2729 animae
812 2684 1059 2728 dimidium
1082 2700 1214 2730 meae.

557 2749 635 2794 Illi
658 2749 797 2794 robur
821 2757 868 2792 et
893 2763 955 2792 aes
977 2748 1146 2808 triplex

357 2816 501 2863 Circa
521 2824 687 2876 pectus
706 2822 820 2871 erat,
845 2813 924 2874 qui
948 2813 1160 2873 fragilem
1183 2814 1305 2860 truci
1510 2839 1511 2842 =
1682 2815 1742 2861 10

558 2879 806 2926 Commisit
828 2879 993 2939 pelago
1016 2887 1163 2924 ratem

356 2946 559 3004 PrimuS‚
583 2961 674 2991 nec
697 2945 852 2991 timuit
874 2944 1159 3005 praecipitem
1184 2943 1402 2992 Africum

555 3010 890 3058 Decertantem
915 3010 1244 3070 Aquilonibus,

357 3075 468 3123 Nec
488 3076 642 3122 tristes
665 3076 876 3137 HyadaS,
901 3091 992 3122 nec
1015 3075 1193 3121 rabiem
1218 3075 1348 3132 Noti,
