1841 3349
616 223 668 269 Q.
700 220 941 262 HORATII
971 221 1176 262 FLACCI

345 338 616 386 Immunem
640 341 841 388 meditor
865 341 1047 402 tingere
1071 339 1269 402 poculis,

609 405 758 451 Plenzi
783 407 911 452 dives
933 418 982 452 ut
1006 407 1052 451 in
1080 407 1234 451 domo.

346 467 528 517 Verum
558 486 680 531 pone
706 487 876 528 moras,
901 480 948 516 et
971 471 1179 516 studium
1204 470 1351 526 luori3

343 535 694 597 Nigrorumque
721 552 914 592 memor,
940 537 1051 580 dum
1074 536 1200 592 lieet,
1227 534 1425 595 ignium,

344 599 498 647 Misce
522 601 764 646 stultitiam
791 601 1002 646 consiliis
1028 601 1213 645 brevem
1237 615 1247 644 ε

605 664 760 711 Dulce
784 676 855 711 est
879 665 1090 725 desipere
1114 664 1163 710 in
1186 664 1306 711 loco.

761 923 900 970 ODE
934 923 1052 970 XII.

772 1037 838 1067 AD
862 1036 1039 1067 LYCEN.

349 1110 635 1179 Aunivi'mu,
660 1119 806 1181 Lyce,
832 1118 878 1164 di
905 1135 1010 1164 mea
1034 1128 1153 1178 vota,
1179 1119 1229 1165 di

350 1185 608 1245 Audivere,
635 1185 790 1246 Lyce:
828 1185 882 1230 fis
907 1201 1040 1242 anus,
1066 1196 1112 1231 et
1138 1196 1295 1232 tamen

611 1252 697 1297 Vis
725 1252 926 1297 formosa
951 1251 1118 1306 videri;

545 1317 786 1377 Ludisque
811 1326 857 1361 et
883 1316 1002 1360 bibis
1027 1317 1292 1377 impudens,

348 1381 651 1443 Importunus
676 1383 823 1427 Amor
847 1381 1097 1426 transvolat
1122 1382 1275 1427 aridas

349 1447 590 1506 Quercus,
615 1456 662 1493 et
685 1447 856 1507 refugit
879 1456 941 1503 te,
966 1447 1074 1505 quia
1098 1446 1238 1492 luridi

613 1512 795 1558 Dentes
819 1522 880 1568 te,
906 1512 1011 1570 quia
1039 1526 1165 1572 rugae

548 1577 784 1637 Turpant‚
809 1587 857 1622 et
880 1576 1047 1636 capitis
1072 1577 1217 1621 nives.

352 1642 461 1689 Neo
484 1642 597 1688 Coae
622 1642 831 1688 referunt
849 1642 947 1702 jam
972 1641 1055 1686 tibi
1081 1656 1315 1701 pmpurae,

354 1707 464 1754 Nec
488 1708 602 1754 clari
627 1708 820 1768 lapides,
846 1716 1055 1766 tempora
1078 1721 1182 1765 quae
1207 1705 1352 1752 semel

616 1771 756 1817 Notis
781 1772 971 1816 condita
997 1771 1123 1815 fastis

549 1837 749 1882 Inclusit
773 1835 973 1881 volueris
996 1836 1109 1880 dies.

350 1900 466 1952 Qu&
493 1902 611 1963 fugit
635 1903 831 1947 Venus?
868 1901 984 1945 heu!
1010 1898 1160 1959 queve
1186 1900 1312 1946 color
1337 1900 1552 1948 decens‘l

350 1966 467 2019 Qus}
493 1968 675 2014 motus?
711 1967 820 2028 quid
848 1966 992 2010 habes
1018 1966 1154 2023 illius,
1182 1966 1320 2024 illius,

612 2032 739 2080 Quae
764 2031 967 2091 spirabat
993 2046 1189 2088 amores,

548 2097 674 2145 Quae
701 2112 774 2140 me
800 2105 1045 2155 surpuerat
1070 2095 1200 2152 mihi,

353 2161 488 2208 Felix
510 2171 613 2222 post
637 2162 889 2220 Cynaram,
916 2170 1116 2219 notaque
1142 2170 1188 2204 et
1212 2160 1380 2205 artium

353 2228 603 2273 Gratarum
631 2226 806 2270 facies?
866 2226 959 2269 Sed
986 2225 1185 2284 Cynarae
1212 2225 1374 2271 breves

616 2292 783 2336 Annos
810 2290 901 2334 fata
926 2290 1172 2347 dederunt,

553 2357 801 2402 Servatura
826 2355 904 2399 diu
930 2370 1087 2415 parem

355 2421 573 2468 Cornicis
599 2422 763 2466 vetulae
788 2420 1073 2480 temporibus
1098 2419 1286 2479 Lycen;

355 2486 554 2535 Possem
577 2496 627 2532 ut
646 2487 843 2547 juvenes
868 2485 1015 2530 visere
1043 2485 1222 2543 fervidi,

617 2550 769 2597 Multo
792 2566 885 2596 non
911 2551 1011 2594 sine
1039 2550 1150 2607 risu,

551 2615 795 2679 Dilapsam
820 2617 868 2662 in
893 2615 1076 2661 cineres
1102 2616 1267 2661 fabem,

759 2875 897 2922 ODE
922 2873 1066 2921 XIII.

729 2989 795 3018 AD
819 2986 1101 3019 AUGUSTUM.

355 3067 488 3119 Qum
512 3083 626 3114 cura
649 3067 857 3126 Pati-um,
881 3083 1040 3128 quaeve
1063 3066 1342 3127 Quiritium,

357 3133 519 3182 Plenis
538 3134 767 3181 honorum
792 3133 1066 3179 muneribus
1088 3142 1209 3192 tuae,

1676 1706 1737 1754 10

1676 2031 1736 2079 15
