1841 3349
93 147 216 203 1561
547 188 550 192 ,
637 149 697 196 ρ,
719 149 961 189 HORATH
991 128 1197 189 mmm

652 338 655 339 ⁷
697 332 1035 379 EPISTOLA
1062 300 1126 379 X.

625 448 691 478 AD
717 448 910 478 FUSCUM
935 447 1190 478 ARISTIUM·

153 533 312 582 URnrs
337 541 590 579 amatorem
617 529 827 575 Fuscum
854 530 1032 574 salvere
1052 529 1293 589 jubemusae

154 600 303 648 Ruris
328 609 588 651 amatores3
629 597 719 641 hac
747 596 792 640 in
820 611 868 640 re
896 595 1078 639 scilicet
1102 596 1198 639 una
1277 602 1279 604 ’

153 663 359 711 Multum
385 663 649 717 dissimiles,
676 662 732 706 ad
760 670 931 706 caetera
952 657 1076 720 pene
1103 659 1304 719 gemelli.

152 730 393 777 Fraternis
418 728 602 784 animis,
626 727 850 787 quidquid
878 737 1018 786 negat
1043 726 1174 782 alter,
1195 735 1241 770 et
1261 725 1403 772 alter:

152 797 426 843 Annuimus
451 795 638 855 pariter,
667 792 805 838 vetuli
832 792 1021 852 notique
1046 791 1280 847 columbi3
1701 791 1735 839 5

151 861 234 908 Tu
258 863 421 908 nidum
449 875 618 915 servas,
643 874 732 919 ego
755 857 896 903 laudo
921 859 1039 902 ruris
1063 855 1238 901 amoeui

152 927 317 984 Rivos,
343 936 390 972 et
414 940 577 970 musco
601 922 867 969 circumlita
891 938 1018 979 saxa,
1044 937 1318 981 nemusque.

150 993 285 1042 Quid
310 991 516 1052 quaeris‘?
553 991 670 1046 vivo,
695 998 742 1034 et
765 1004 927 1050 regno,
953 987 1089 1034 simul
1117 988 1203 1033 ista
1229 988 1394 1048 reliqui

150 1058 277 1109 Quae
302 1074 382 1104 vos
407 1068 463 1102 au
490 1056 659 1102 coelum
687 1054 862 1100 effertis
886 1070 1073 1099 rumore
1098 1054 1335 1100 secundo:

151 1124 305 1185 thue
331 1118 585 1168 sacerdotis
611 1121 847 1182 fugitivus,
872 1119 967 1165 liba
990 1135 1183 1175 recuso3
1678 1117 1734 1165 {0

151 1190 281 1237 Pane
306 1204 438 1250 egeo,
459 1189 554 1250 jam
579 1187 766 1232 mellitis
791 1186 968 1247 potiore
993 1184 1236 1247 placentis.

218 1256 388 1301 Vivere
415 1264 593 1300 naturae
618 1253 655 1298 si
682 1253 1016 1312 convenienter
1040 1260 1238 1312 oportet,

153 1321 484 1380 Ponendaeque
510 1321 648 1364 domo
672 1318 926 1378 quaerenda
950 1327 1020 1362 est
1045 1332 1152 1362 area
1176 1312 1381 1377 primum
1401 1331 1413 1370 ;

153 1387 400 1434 Novistine
426 1386 580 1430 locum
605 1385 829 1445 potiorem
856 1399 962 1428 rure
990 1383 1161 1428 beato?

153 1452 239 1499 Est
264 1452 344 1497 ubi
369 1449 473 1513 plus
497 1459 686 1511 tepeant
712 1450 889 1494 hiemes
908 1450 935 1493 Τ-
964 1449 1040 1493 ubi
1066 1447 1237 1508 gratior
1262 1461 1378 1492 aura
1673 1445 1733 1493 15

153 1519 325 1567 Leniat
348 1527 395 1563 et
422 1517 596 1562 rabiem
624 1515 789 1571 Canis,
811 1524 857 1560 et
881 1524 1117 1559 momenta
1144 1512 1336 1567 Leonis,

97 1613 102 1618 -
151 1584 318 1634 Quum
346 1582 489 1628 semel
516 1581 699 1641 accepit
724 1581 866 1626 solem
894 1579 1172 1624 furibundus
1197 1576 1428 1623 acutum?

152 1649 240 1696 Est
263 1650 342 1695 ubi
367 1648 553 1694 divellat
578 1645 765 1692 somnos
789 1643 946 1691 minus
971 1645 1125 1694 invida
1152 1644 1303 1688 cura?
1327 1657 1331 1661 ·

111 1726 113 1728 ’
154 1713 377 1762 Deterius
402 1713 592 1773 Libycis
611 1713 704 1758 olet
729 1723 808 1756 aut
833 1711 950 1756 nitet
977 1711 1118 1755 herba
1144 1709 1310 1769 lapillis
1329 1709 1372 1754 'i'

154 1781 320 1827 Purior
346 1781 394 1825 in
420 1779 544 1824 vicis·
559 1794 677 1838 aqua
696 1777 845 1822 tendit
871 1791 1085 1835 rumpere
1111 1774 1371 1835 plumbum,
1523 1807 1526 1811 .
1665 1771 1734 1820 20

151 1845 317 1896 Quam
342 1861 445 1906 quae
469 1861 550 1905 per
574 1859 773 1905 pronum
800 1841 998 1902 trepidat
1017 1855 1124 1885 cum
1153 1854 1391 1884 murmure
1415 1838 1565 1884 rivum
1580 1838 1600 1886 ’ἲ

153 1912 340 1973 Nempe
367 1912 486 1956 inter
511 1910 662 1954 varias
688 1908 889 1953 nutritur
915 1908 1029 1952 silva
1053 1905 1313 1962 columnas,

154 1978 485 2037 Laudaturque
511 1976 678 2020 domus
698 1974 861 2034 longos
885 1988 988 2032 quae
1013 1970 1235 2033 prospicit
1254 1985 1402 2031 agros.

154 2043 385 2089 Naturam
407 2041 611 2101 expelles
637 2040 785 2095 furca,
812 2048 968 2083 tamen
997 2053 1140 2097 usque
1165 2043 1390 2094 recurret,
1509 2088 1511 2090 q

154 2108 216 2155 Et
239 2108 361 2153 mala
383 2114 652 2167 perrumpet
677 2105 832 2149 furtim
862 2104 1044 2148 fastidia
1070 2083 1288 2173 victrix?
1662 2096 1729 2146 25

220 2173 350 2230 Non,
376 2172 452 2232 qui
479 2170 676 2215 Sidonio
701 2171 985 2214 contendere
1011 2168 1209 2213 callidus
1232 2175 1358 2212 ostro

153 2238 321 2285 Nescit
350 2237 631 2297 Aquinatem
658 2235 862 2295 potantia
889 2234 1057 2279 vellera
1083 2233 1258 2287 sucum,

87 2334 90 2337 -
153 2304 342 2350 Certius
362 2303 560 2362 accipiet
585 2302 807 2346 damnum
829 2299 1078 2359 propiusve
1105 2295 1336 2353 medullis,

152 2368 315 2419 Quam
342 2369 419 2428 qui
447 2383 538 2412 nou
564 2367 732 2427 poterit
758 2381 864 2409 vero
884 2364 1171 2423 distinguere
1199 2362 1377 2406 falsum.

152 2434 314 2483 Quem
340 2449 412 2479 res
436 2431 541 2494 plus
566 2431 711 2476 nimio
735 2428 1029 2475 delectavere
1050 2427 1288 2483 secundae,
1589 2432 1591 2434 ’
1664 2423 1733 2472 30

154 2500 350 2546 Mutatae
375 2499 599 2559 quatient.
671 2497 721 2542 Si
747 2496 857 2556 quid
886 2495 1128 2550 mirabere,
1156 2507 1304 2553 pones

155 2565 349 2612 InvituS.
422 2564 554 2624 Fuge
579 2577 773 2623 magna3
812 2561 922 2606 licet
942 2561 1027 2604 sub
1051 2573 1255 2620 paupere
1279 2560 1405 2602 tecto

154 2629 318 2691 Reges
342 2639 389 2675 et
412 2644 574 2690 regum
601 2629 703 2673 vita·
718 2642 1002 2688 praecurrere
1027 2625 1217 2670 anricus.

221 2695 400 2740 Cervus
424 2708 594 2754 equum
621 2693 781 2754 pugna
806 2692 966 2737 melior
991 2688 1321 2736 communibus
1345 2685 1505 2732 herbis

156 2760 381 2816 Pellebat,
407 2761 559 2805 donec
583 2759 732 2804 minor
758 2759 804 2803 in
830 2757 1088 2802 certamine
1108 2755 1248 2814 longo
1662 2750 1729 2798 35

155 2823 424 2885 Imploravit
445 2839 558 2884 opes
582 2824 800 2880 liominiS,
827 2822 1113 2880 staenumque
1139 2816 1317 2877 recepit
1337 2832 1346 2860 :

156 2890 270 2946 Sed,
294 2898 536 2949 postquam
563 2889 707 2933 victor
733 2889 908 2933 violens
931 2885 1145 2931 discessit
1169 2884 1229 2927 ab
1253 2883 1401 2940 hoste,

158 2955 269 3001 Non
294 2954 497 3014 equitem
521 2952 673 3008 dorso,
698 2968 790 2997 non
819 2952 1013 2997 fraenum
1038 2947 1224 3009 depulit.
1240 2962 1335 2992 ore.

157 3020 240 3066 Sic
263 3019 359 3080 qui,
384 3016 652 3080 pauperiem
678 3017 866 3073 veritus,
889 3015 1067 3076 potiore
1091 3012 1293 3058 metallis

157 3084 395 3132 Libertate
418 3090 562 3141 caret,
585 3081 831 3130 dominum
855 3081 993 3127 vehet
1017 3078 1271 3139 improbus,
1294 3083 1436 3136 atque
1661 3071 1728 3120 40
