1841 3349
568 146 584 181 ὃ
610 147 1102 197 οΑΒΜΙΝΠΜ-’ΠΒ.·
1117 159 1201 197 111.
1247 143 1253 147 ’

738 338 878 388 ODE
914 338 1053 386 XIV.

711 451 778 482 AD
804 452 1092 484 TELEPHUM.

463 523 729 582 QUANTUM
755 535 896 595 distet
921 535 979 580 ab
1004 535 1187 582 Inacho

200 588 403 658 Codrus,
426 616 511 662 pro
535 590 713 660 patria
710 616 804 646 non
830 601 1022 646 timidus
1047 602 1182 662 mori,

465 664 663 723 Narras,
689 676 735 711 et
760 682 912 727 genus
938 666 1094 725 AEaci,

198 730 261 777 Et
282 740 493 793 pugnata
517 747 651 776 sacro
677 732 798 777 bella
822 733 910 776 sub
936 731 1051 777 Ilio:

460 797 576 845 Quo
601 796 787 848 Chium.
802 797 952 858 pretio
976 798 1150 842 cadum

199 861 489 919 Mercemm,
515 862 622 922 quis
646 878 814 922 aquam
841 872 1071 923 temperet
1096 863 1304 924 ignibus,

463 928 577 977 Quo
603 929 840 988 praebente
867 929 1060 973 domurn
1086 939 1133 975 et
1156 929 1301 990 quota

197 993 407 1055 Pelignis
433 1009 620 1038 caream
647 994 912 1053 frigoribus,
939 1003 1082 1039 taces.

463 1059 538 1104 Da
563 1059 712 1103 Lunae
739 1057 934 1119 propere
961 1076 1110 1117 novae,

198 1124 273 1171 Da
296 1124 467 1170 Noctis
492 1125 677 1181 mediae,
704 1125 779 1182 da,
805 1141 936 1185 puer,
963 1125 1156 1186 auguris

464 1189 707 1234 Murenae:
746 1191 893 1235 tribus
920 1200 999 1236 aut
1024 1207 1192 1236 novem

197 1254 462 1301 Miscentur
489 1257 671 1315 cyathis
696 1256 867 1316 pocula
892 1257 1167 1302 commodis.

459 1321 562 1370 Qui
590 1321 753 1366 Musas
774 1330 899 1366 amat
925 1322 1144 1382 impares,

196 1387 385 1433 Ternos
409 1396 478 1433 ter
504 1388 698 1447 cyathos
723 1387 949 1433 attonitus
973 1396 1102 1448 petet

459 1453 629 1499 Vates:
667 1463 760 1498 tres
784 1453 1000 1514 prohibet
1024 1469 1166 1515 supra

196 1519 430 1565 Rixarum
455 1529 671 1564 metuens
707 1529 901 1580 tangere
926 1519 1108 1578 Gratia,

460 1584 508 1628 N
515 1585 617 1629 udis
638 1585 802 1645 juncta
828 1585 1076 1630 sororibus.

196 1649 416 1695 Insanire
437 1649 579 1710 juvat.
640 1650 739 1694 Cur
765 1650 1096 1709 Berecynthiae

461 1715 662 1759 Cessant
684 1714 879 1759 flamina
902 1715 1063 1761 tibiae?

195 1780 294 1826 Cur
318 1781 493 1842 pendet
517 1781 661 1825 tacita
686 1780 840 1825 fistula
865 1796 976 1825 cum
1001 1781 1134 1841 lyra?

459 1845 716 1891 Parcentes
741 1862 829 1907 ego
854 1846 1070 1893 dexteras

195 1911 319 1957 Odi:
355 1927 521 1971 sparge
548 1927 701 1966 rosas;
741 1911 902 1957 audiat
927 1912 1115 1957 invidus

460 1976 745 2021 Dementem
771 1977 1015 2036 strepitum
1040 1977 1216 2037 Lycus,

197 2041 259 2088 Et
283 2041 439 2087 vicina
463 2042 566 2087 seni
590 2058 686 2088 non
710 2042 880 2087 habilis
904 2040 1048 2102 Lyco.

747 2303 887 2350 ODE
922 2305 1033 2351 XV.

704 2418 767 2447 AD
793 2419 1092 2450 AMPHORAM.

328 2501 374 2547 O
400 2516 534 2547 NATA
557 2517 746 2547 mecum
767 2502 962 2548 consule
990 2501 1190 2560 Manlio,

330 2568 428 2612 Seu
452 2576 502 2611 tu
526 2567 755 2625 querelas,
782 2568 876 2613 sive
897 2569 1021 2628 geris
1041 2569 1196 2628 jocos,

397 2633 493 2676 Seu
519 2632 666 2675 rixam
691 2641 737 2676 et
762 2633 953 2677 insanos
973 2649 1172 2689 amores,

463 2697 559 2741 Seu
586 2695 787 2752 facilem,
813 2697 889 2755 pia
912 2706 1046 2752 testa,
1073 2712 1308 2754 somnum,

327 2763 632 2820 Quocunque
658 2761 831 2805 lectum
858 2761 1049 2806 nomine
1076 2760 1336 2809 Massicum

332 2829 518 2884 Servas,
545 2826 718 2871 moveri
745 2826 890 2886 digna
916 2826 1037 2871 bono
1063 2827 1166 2872 die:

398 2892 668 2947 Descende,
696 2891 901 2936 Corvino
922 2891 1135 2952 jubente,

460 2958 680 3003 Promere
706 2957 1002 3018 languidiora
1027 2958 1147 3003 vina.

329 3023 443 3070 Non
469 3023 562 3080 ille,
588 3038 856 3083 quanquam
883 3023 1137 3068 Socraticis
1161 3023 1321 3070 madet

331 3089 656 3146 Sermonibus‚
681 3098 727 3135 te
753 3089 963 3151 negliget
988 3089 1231 3135 horridus:

1660 162 1718 211 51

1669 1126 1728 1173 10

1666 1455 1727 1502 15

1659 3089 1718 3136 10
