1841 3349
629 212 680 258 Q.
711 211 953 250 HORATII
981 209 1202 250 FLAccl.

360 329 582 394 Impune,
606 330 744 388 Lolli,
770 345 960 391 carpere
985 328 1149 374 lividas

359 398 649 445 OblivioneS.
709 396 794 442 Est
819 396 1003 441 animus
1027 394 1109 439 tibi

427 463 704 522 Rerumque
729 462 951 522 prudenS,
976 469 1021 505 et
1047 457 1269 506 secundis

494 527 811 588 Temporibus
836 525 1082 585 dubiisque
1107 534 1263 569 rectus
1278 539 1291 579 ;

362 594 552 640 Vindex
576 606 724 636 avarae
750 591 941 646 fraudiS,
968 600 1015 634 et
1039 589 1282 635 abstinens

362 657 595 705 Ducentis
619 657 677 701 ad
701 671 752 700 se
778 664 952 699 cuncta
975 654 1218 714 pecuniae3

428 723 700 782 Consulque
726 737 820 765 non
847 720 986 765 unius
1011 719 1139 776 anni,

495 788 589 833 Sed
614 787 794 846 quoties
820 786 969 829 bonus
994 797 1130 844 atque
1156 783 1277 828 fidus

363 854 521 900 Judex
544 854 791 898 honestum
817 850 1019 911 praetulit
1043 849 1160 907 utili,
1185 856 1232 894 et

364 919 555 979 Rejecit
578 918 670 962 alto
694 917 817 960 dona
842 915 1115 960 noc-entium

429 984 593 1039 Vultu,
618 990 664 1026 et
686 996 768 1040 per
792 981 1030 1024 obstantes
1055 988 1264 1024 catervas

495 1046 734 1108 Explicuit
759 1061 842 1090 sua
869 1044 1012 1090 victor
1038 1059 1179 1089 arma.

367 1113 480 1160 Non
504 1112 822 1174 possidentem
848 1111 993 1155 multa
1017 1107 1254 1155 vocaveris

365 1177 522 1226 Recte
549 1179 766 1223 beatum:
804 1173 978 1222 rectius
1002 1182 1203 1236 occupat

354 1242 358 1245 i
430 1244 619 1291 Nomen
646 1242 785 1299 beati,
811 1241 888 1301 qui
915 1242 1109 1286 deorum

497 1308 778 1354 Muneribus
803 1307 1035 1366 sapienter
1061 1306 1144 1362 uti,

364 1374 637 1433 Duramque
663 1373 799 1418 callet
823 1372 1092 1432 pauperiem
1119 1370 1230 1432 pati,

365 1440 596 1501 Pejusque
621 1439 714 1484 leto
739 1437 965 1498 flagitium
991 1438 1123 1482 timet
1138 1453 1149 1493 ;

432 1504 545 1551 Non
571 1504 647 1549 ille
672 1520 753 1564 pro
777 1503 897 1548 caris
923 1503 1087 1547 amicis

498 1570 598 1615 Aut
620 1569 770 1631 patriai
795 1568 988 1614 timidus
1011 1567 1176 1628 perire.

804 1827 944 1874 ODE
969 1828 1058 1874 IX.

737 1943 802 1974 AD
827 1942 1124 1974 LIGURINUM.

238 2028 285 2076 O
310 2043 552 2075 CRUDELIS
577 2026 751 2083 adhuc,
776 2034 822 2070 et
847 2025 1048 2070 Veneris
1074 2023 1349 2069 muneribus
1372 2032 1553 2086 potensi,

238 2094 484 2155 Insperata
506 2103 598 2139 tuae
623 2106 766 2152 quum
793 2091 947 2135 veniet.
970 2091 1129 2150 pluma
1154 2090 1400 2149 superbiae,

238 2159 315 2217 Et,
339 2174 443 2220 quae
467 2174 596 2204 nunc
621 2155 827 2202 humeris
852 2155 1110 2210 involitant,
1136 2154 1397 2200 deciderint
1422 2168 1588 2213 comae,

238 2223 386 2270 Nunc
409 2233 456 2269 et
479 2224 557 2284 qui
578 2223 703 2268 color
728 2230 797 2266 est
824 2220 1036 2281 puniceae
1063 2219 1172 2265 flore
1198 2220 1320 2279 prior
1346 2235 1461 2265 rosae

229 2288 454 2345 ,Mutatus
478 2288 757 2349 Ligurinum
786 2286 831 2331 in
860 2286 1026 2331 faciem
1054 2285 1238 2329 verterit
1259 2285 1518 2345 hispidam;

241 2354 402 2412 Dices,
429 2358 457 2377 “
477 2354 643 2399 Heu!'⁷
673 2351 874 2413 (quoties
899 2361 943 2396 te
971 2352 1015 2396 in
1043 2350 1234 2411 speculo
1260 2350 1427 2395 videris
1452 2348 1672 2412 alterum)

245 2420 416 2469 “Quae
442 2435 575 2465 mens
599 2427 670 2465 est
698 2417 850 2473 hodie,
878 2432 962 2461 cur
986 2417 1151 2461 eadem
1178 2431 1270 2460 non
1297 2431 1442 2475 puero
1467 2415 1585 2460 fuit?

242 2485 331 2532 Vel
356 2500 439 2531 cur
464 2485 535 2531 his
559 2483 728 2530 animis
753 2483 1012 2528 incolumes
1037 2497 1130 2527 non
1156 2481 1355 2526 redeunt
1378 2495 1513 2543 genae
1531 2479 1581 2525 'l''

816 2741 954 2788 ODE
978 2741 1053 2787 X.

734 2830 800 2887 AD
824 2852 1126 2886 PHYLLIDEM.

375 2936 478 2984 Es¹r
501 2937 614 2982 mihi
639 2952 815 2982 nonum
842 2934 1105 2998 superantis
1128 2949 1305 2980 annum

375 3003 550 3050 Plenus
573 3001 747 3046 Albani
773 3004 945 3047 cadus:
983 3010 1052 3046 est
1078 2999 1121 3043 in
1151 3000 1297 3058 horto,

377 3067 546 3128 Phylli,
571 3067 815 3113 nectendis
841 3067 995 3127 apium
1020 3065 1228 3111 coronis:

769 3131 855 3177 Est
879 3131 1062 3176 hederae
1087 3129 1153 3175 vis

1675 782 1740 830 40

1683 1433 1748 1481 50

1717 2282 1750 2329 5
