1841 3349
580 161 990 201 EPISTOLARUM
1018 161 1128 201 LIB.
1158 130 1193 201 1ss
1224 164 1287 202 18.

172 281 277 333 Qui
301 280 433 339 dicit,
459 280 647 338 clamat,
674 283 703 304 “
724 279 918 326 Victum
946 281 1099 326 date.'’
1173 280 1392 327 Succinit
1411 280 1526 328 alter
1547 297 1557 327 :

176 351 205 373 “
228 347 290 393 Et
313 347 428 392 mihi
453 345 643 391 dividuo
666 344 870 391 findetur
895 362 1091 391 munere
1115 346 1340 406 quadra.’'

177 414 272 460 Sed
298 413 468 458 tacitus
493 410 624 471 pasci
649 410 688 455 si
712 420 870 471 posset
894 427 1078 469 corvus,
1105 411 1298 457 haberet

177 479 290 524 Plus
313 477 461 539 dapis,
487 485 533 522 et
557 477 668 521 rixae
693 475 840 522 multo
866 477 1039 536 minus,
1066 477 1360 538 invidiaeque.

242 543 562 589 Brundusium
589 557 749 587 comes
774 552 854 588 aut
879 544 1158 589 Surrentum
1197 544 1370 588 ductus
1394 557 1649 601 amoenum,

176 609 279 658 Qui
303 609 511 669 queritur
536 608 741 653 salebras
765 618 812 654 et
837 610 1061 654 acerbum
1087 609 1234 670 frigus
1258 618 1305 654 et
1329 608 1518 668 imbres,

179 675 279 720 Aut
303 675 470 720 cistam
496 673 737 719 effractam
763 684 843 719 aut
867 676 1100 721 subducta
1124 675 1292 720 viatica
1310 675 1474 735 plorat,

178 740 305 798 Nota
329 741 470 786 refert
494 740 753 784 meretricis
778 741 1016 797 acumina,
1044 739 1169 801 saepe
1197 741 1431 799 catellam,

179 804 319 867 Saepe
348 805 674 867 periscelidem
700 815 878 866 raptam
906 807 994 851 sibi
1020 806 1174 851 flentis
1196 822 1206 861 3
1245 803 1311 852 uti
1333 822 1440 852 mox

177 871 324 918 Nulla
346 872 462 917 fides
484 871 672 915 damnis
698 873 908 932 verisque
935 872 1172 918 doloribus
1197 872 1330 917 adsit.

179 937 286 984 Nec
310 937 454 983 semel
481 937 640 982 irrisus
665 937 811 982 triviis
837 938 1045 984 attollere
1071 946 1203 983 curat

179 1003 354 1049 Fracto
375 1019 509 1048 crure
529 1003 722 1063 planum
745 1019 754 1058 3
792 1003 904 1049 licet
928 1004 993 1049 illi
1013 1004 1214 1065 plurima
1239 1012 1399 1049 manet

180 1069 413 1130 Lacryma
433 1086 442 1124 3
480 1084 562 1129 per
588 1078 802 1114 sanctum
825 1070 1008 1131 juratus
1032 1070 1160 1115 dicat
1183 1069 1379 1127 Osirim,

180 1139 209 1159 “
237 1135 446 1192 Credite,
473 1150 567 1179 non
594 1133 734 1190 iud03
773 1137 1006 1194 crudeles,
1033 1136 1180 1182 tollite
1205 1136 1473 1181 claudum.'’

181 1205 210 1225 ‘⁶
234 1201 414 1251 Quaere
438 1200 788 1261 peregrinum,''
816 1202 991 1248 vicinia
1015 1218 1159 1248 rauca
1182 1202 1420 1248 reclamat.

658 1462 998 1510 EPISTOLA
1023 1463 1216 1510 XVIII.

773 1579 839 1609 AD
872 1579 1102 1611 LOLLIUM.

182 1667 236 1712 81
262 1666 382 1711 bene
406 1673 452 1711 te
477 1664 602 1722 novi,
627 1672 825 1722 metues,
850 1663 1087 1710 liberrime
1112 1663 1250 1723 Lolli,

181 1731 451 1778 Scurrantis
476 1731 681 1791 speciem
707 1730 930 1790 praebere,
955 1730 1192 1791 professus
1212 1730 1432 1777 amicum.

179 1797 244 1844 Ut
267 1806 478 1843 matrona
497 1795 734 1841 meretrici
759 1796 914 1856 dispar
934 1796 1022 1841 erit
1045 1806 1184 1857 atque

179 1863 414 1920 Discolor,
440 1861 585 1907 infido
610 1877 783 1906 scurrae
809 1861 999 1906 distabit
1023 1862 1218 1908 amicus.

179 1929 267 1975 Est
292 1929 403 1974 huic
427 1927 665 1972 diversum
691 1926 802 1972 vitio
822 1926 985 1972 vitium
1009 1925 1154 1989 prope
1181 1926 1348 1988 majus,

181 1995 427 2055 Asperitas
452 1993 647 2054 agrestis
670 2002 718 2038 et
737 1992 1027 2038 inconcinna
1051 1994 1312 2054 gravisque,

180 2060 308 2110 Quae
334 2076 383 2105 se
408 2059 710 2104 commendat
734 2058 869 2104 tonsa
889 2067 1014 2116 cute,
1041 2059 1262 2105 dentibus
1286 2058 1424 2115 atriS;

181 2126 309 2172 Dum
334 2125 431 2170 vult
454 2125 643 2170 libertas
667 2125 761 2169 dici
787 2140 929 2180 mera,
956 2140 1153 2185 veraque
1179 2125 1335 2171 virtus.

181 2192 343 2239 Virtus
367 2200 438 2236 est
463 2191 672 2236 medium
691 2190 908 2236 vitiorum
928 2199 975 2235 et
998 2191 1217 2252 utrinque
1237 2192 1499 2238 reductum.

181 2258 316 2304 Alter
342 2257 389 2302 in
414 2257 688 2317 obsequium
717 2254 824 2317 plus
850 2272 981 2317 aequo
1005 2274 1196 2318 pronus,
1222 2266 1270 2303 et
1293 2257 1375 2303 imi

179 2323 372 2369 Derisor
396 2322 523 2380 lecti,
549 2322 618 2368 sic
642 2332 808 2367 nutum
835 2323 990 2367 divitis
1016 2324 1187 2380 horret,

180 2390 262 2435 Sic
287 2390 422 2435 iterat
446 2404 601 2446 voees,
627 2397 674 2433 et
698 2388 838 2433 verba
861 2389 1079 2434 cadentia
1102 2389 1238 2448 tollit,

180 2454 243 2500 Ut
265 2470 463 2516 puerum
489 2469 610 2498 saevo
634 2455 799 2498 credas
819 2454 994 2500 dictata
1018 2455 1240 2516 magistro

180 2519 423 2575 Reddere,
449 2518 519 2563 vel
545 2527 699 2578 partes
725 2520 918 2563 mimum
941 2528 1141 2565 tractare
1169 2520 1417 2566 secundas„

182 2585 316 2630 Alter
342 2583 516 2628 rixatur
541 2584 599 2627 de
619 2583 727 2628 lana
752 2582 876 2643 saepe
898 2582 1109 2644 caprina,

180 2650 453 2711 Propugnat
477 2648 617 2709 nugis
642 2659 846 2693 armatus
869 2665 877 2693 ε
916 2653 943 2671 “
970 2650 1180 2707 Scilicet,
1202 2659 1252 2695 ut
1276 2664 1372 2696 non

181 2716 256 2762 Sit
280 2715 394 2760 mihi
419 2714 569 2775 prima
592 2713 725 2771 fides,
752 2723 814 2771 et,
840 2712 948 2759 vere
975 2716 1098 2775 quod
1122 2716 1291 2776 placet,
1313 2724 1364 2761 ut
1387 2732 1486 2763 non

179 2781 372 2828 Acriter
397 2781 607 2833 elatrem‚
632 2780 833 2841 pretium
862 2789 972 2825 aetas
997 2781 1142 2826 altera
1166 2782 1368 2827 sordet.''

182 2847 454 2907 Ambigitur
478 2846 589 2906 quid
615 2846 740 2890 enim
761 2847 779 2891 Ἰ
817 2845 983 2891 Castor
1009 2846 1127 2892 sciat
1151 2863 1210 2892 an
1237 2846 1463 2894 Dolichos
1481 2848 1610 2910 plus3

181 2911 504 2959 Brundusium
530 2909 717 2956 Minuci
743 2909 910 2956 melius
936 2912 1008 2957 via
1027 2913 1186 2971 ducat,
1208 2929 1267 2958 an
1294 2913 1436 2975 Appi.

247 2978 412 3027 Quem
437 2977 664 3022 damnosa
688 2977 870 3034 Venus,
894 2993 1034 3037 quem
1058 2994 1267 3039 praeceps
1292 2979 1395 3024 alea
1417 2980 1580 3037 nudat,

179 3044 343 3090 Gloria
365 3058 505 3104 quem
529 3058 667 3102 supra
691 3042 812 3087 vires
837 3051 884 3088 et
907 3043 1043 3089 vestit
1067 3055 1113 3089 et
1136 3044 1288 3104 ungit,

180 3109 344 3160 Quem
368 3116 498 3155 tenet
521 3107 704 3169 argenti
728 3108 828 3154 sitis
852 3108 1119 3170 importuna
1143 3109 1398 3170 famesque,

1663 163 1755 210 165

1694 412 1758 458 50

1733 1930 1766 1976 01

1705 2259 1767 2305 10

1707 2587 1768 2634 15

1701 2914 1769 2962 20
