1841 3349
650 171 882 210 EPODON
913 172 1100 212 LIBER.
1628 179 1693 230 31

305 287 540 350 Priusque
562 289 735 335 eoelum
761 289 883 336 sidet
907 291 1104 337 inferius
1128 293 1263 352 mari,

571 353 767 400 Tellure
789 357 1008 428 porrecta
1033 372 1189 417 super,
1627 361 1692 409 80

303 417 470 469 Quam
494 435 588 466 non
616 436 774 466 amore
799 421 868 465 sio
893 437 998 467 meo
1026 421 1212 482 flagreS,
1237 420 1305 468 uti

569 485 793 531 Bitumen
821 487 932 532 atris
957 487 1193 548 ignibus?

307 550 408 596 Sub
434 551 536 597 haeo
560 567 677 612 puer
697 552 795 613 jam
820 568 931 610 non,
958 562 1009 598 ut
1035 552 1163 612 ante,
1190 553 1410 600 mollibus

569 616 743 662 Lenire
768 619 921 662 verbis
948 618 1137 679 impias,

307 681 420 740 Sed,
446 681 619 728 dubius
645 683 771 728 unde
796 693 1036 744 rumperet
1060 684 1316 743 silentium,
1625 686 1689 734 85

570 747 704 793 Misit
728 748 996 808 Thyesteas
1020 765 1214 809 preces:

306 816 334 836 “
353 812 573 871 Venena,
601 829 829 874 magnum
855 814 923 858 fas
947 815 1189 875 nefasque,
1215 831 1311 861 non
1336 816 1493 863 valent

572 878 860 925 Convertere
887 881 1143 925 humanam
1168 881 1334 928 vicem.

304 942 433 990 Diris
457 959 595 1006 agam
620 960 729 990 vos:
767 945 869 990 dira
893 946 1142 993 detestatio

567 1008 717 1055 Nulla
741 1011 954 1071 expiatur
980 1011 1186 1057 victima
1624 1010 1691 1062 90

301 1060 563 1133 Qu1n,ubi
585 1076 736 1136 perire
758 1078 916 1135 jussus
941 1078 1253 1137 exspiravere,

567 1140 846 1187 Nocturnus
870 1158 1118 1188 occurram
1145 1143 1314 1202 Furor,

302 1206 559 1266 Petamque
583 1207 737 1252 vultus
763 1208 929 1253 umbra
953 1209 1108 1254 curvis
1134 1210 1391 1271 unguibus,

565 1272 692 1321 Quae
718 1273 786 1318 vis
812 1273 1024 1319 Deorum
1049 1286 1119 1320 est
1144 1274 1391 1332 Manium3

301 1336 364 1383 Et
388 1337 612 1398 inquietis
637 1339 858 1384 adsidens
883 1341 1172 1400 praecordiiS,
1622 1342 1688 1389 95

565 1404 743 1450 Pavore
769 1421 958 1451 somnos
977 1406 1201 1452 auferam.

300 1468 399 1515 Vos
423 1469 561 1515 turba
585 1470 775 1516 vicatim
802 1472 913 1517 hino
937 1480 985 1517 et
1008 1472 1123 1519 hine
1148 1472 1272 1518 saxis
1290 1481 1456 1535 petens

564 1535 840 1583 Contundet
863 1538 1114 1583 obsooenas
1137 1554 1271 1584 anus.

298 1597 414 1646 Post
438 1600 675 1662 insepulta
701 1603 913 1648 membra
937 1604 1159 1650 different
1181 1604 1281 1665 lupi

563 1666 625 1712 Et
651 1667 911 1727 Esquilinae
937 1669 1100 1714 alites:
1594 1672 1687 1719 100

297 1728 469 1792 Neque
494 1732 584 1778 hoc
608 1743 847 1793 parentes,
874 1735 994 1779 heu!
1035 1734 1150 1780 mihi
1175 1734 1476 1797 superstites!

563 1797 796 1861 Effugerit
820 1800 1193 1861 spectaculum.''

720 2126 861 2174 ODE
897 2128 987 2176 VI.

263 2240 313 2270 IN
352 2239 566 2272 CASSIUM
604 2240 854 2285 SEVERUM,
891 2242 1097 2274 POETAM
1132 2245 1446 2280 MALEDICUM.

290 2321 434 2372 Qun)
459 2323 763 2369 immerentes
788 2325 994 2385 hospites
1019 2343 1176 2387 vean,
1202 2331 1351 2391 canis,

555 2388 764 2450 Ignavus
790 2391 1037 2437 adversum
1063 2394 1230 2467 lupos?

291 2452 431 2503 Quin
455 2454 586 2499 huc
575 2471 758 2513 inanes,
785 2456 821 2501 si
847 2467 996 2518 potes,
1022 2460 1162 2505 vertis
1187 2462 1357 2522 minas,

558 2519 620 2565 Et
645 2537 720 2566 me
746 2538 1066 2569 remorsurum
1091 2526 1244 2586 petis?

293 2581 439 2641 Nam,
464 2584 615 2643 qualis
640 2595 720 2630 aut
744 2586 980 2633 Molossus
1005 2599 1086 2635 aut
1111 2591 1264 2636 fulvus
1288 2592 1468 2653 Lacon,
1644 2596 1680 2644 5

558 2650 729 2695 Amica
755 2652 822 2695 vis
847 2654 1128 2712 pastoribus,

293 2714 450 2775 Agam
474 2729 556 2775 per
583 2714 698 2760 altas
725 2731 837 2761 aure
862 2718 1046 2763 sublata
1070 2719 1218 2779 nives,

553 2779 871 2842 Quaecunque
896 2785 1134 2843 praecedet
1158 2786 1267 2834 fera.

292 2842 390 2902 Tu,
415 2861 559 2905 quum
585 2846 796 2892 timenda
822 2864 935 2894 voce
962 2849 1208 2912 complesti
1235 2869 1420 2916 nemus,

556 2911 826 2973 Projectum
851 2915 1061 2962 odoraris
1086 2918 1259 2965 cibum.
1612 2923 1676 2971 10

292 2974 439 3035 Cave,
464 2991 594 3035 cave,
620 2994 822 3039 namque
848 2980 897 3025 in
922 2982 1068 3029 malos
1093 2984 1377 3047 asperrimus

554 3016 724 3091 P’arata
747 3046 860 3092 tollo
883 3062 1087 3096 cornua:
