1841 3349
112 166 175 217 u

641 166 693 213 Q.
723 165 967 207 HoRATn
995 166 1203 208 FLAccl

746 349 885 396 ODE
920 349 1115 396 XVIII.
1152 422 1156 426 ῃ

582 462 637 493 ΙΝ
661 462 859 493 ΒῘΑΝΑΜ
884 463 947 493 ΕΤ
972 463 1272 494 APOLLINEM.

370 544 579 591 DlANAM
602 553 777 591 tenerae
802 545 944 590 dicite
969 545 1199 606 virgines:

369 610 632 668 Intonsum‚
657 611 806 671 pueri,
832 610 974 655 dicite
999 610 1287 670 Cynthium:

630 675 952 735 Latonamque
978 691 1196 736 supremo

564 739 799 786 Dilectam
824 737 1012 802 penitus
1037 740 1155 787 Jovi.

367 806 466 853 Vos
488 806 644 852 laetam
670 806 836 864 fluviis,
862 815 908 851 et
933 822 1178 853 nemorum
1203 808 1356 867 coma,

362 871 680 932 Quaecunque
705 881 783 917 aut
809 872 963 932 gelido
987 873 1220 932 prominet
1244 873 1434 936 Algido,

630 936 794 997 Nigris
820 946 898 981 aut
924 936 1204 996 Erymanthi

563 1001 718 1058 Silvis,
739 1009 818 1046 aut
841 1001 1001 1045 viridis
1026 1001 1169 1063 Gragi
1188 1019 1197 1048 :

364 1064 464 1114 Vos
487 1066 674 1127 Tempe
698 1067 893 1112 totidem
917 1065 1063 1111 tollite
1088 1067 1320 1127 laudibus,

365 1130 696 1192 Natalemque,
720 1147 889 1189 mares,
915 1130 1069 1177 Delon
1095 1133 1347 1195 Apollinis,

629 1197 967 1259 Insignemque
990 1197 1225 1258 pharetra,

560 1261 883 1324 Fraternaque
909 1263 1154 1310 humerum
1181 1264 1295 1325 lyra.

364 1328 462 1375 Hic
484 1328 657 1374 bellum
682 1329 1011 1390 lacrymosum,
1038 1329 1116 1375 hic
1139 1331 1360 1376 miseram
1385 1329 1555 1377 famem

362 1393 657 1456 Pestemque,
683 1411 710 1440 a
732 1394 903 1456 populo
926 1403 973 1440 et
995 1395 1206 1457 principe
1230 1395 1435 1455 Caesare,
1460 1396 1509 1443 in

625 1460 792 1506 Persas
816 1470 954 1518 atque
978 1459 1230 1508 Britannos

561 1525 910 1585 Vestralmotus
934 1535 1042 1587 aget
1063 1543 1218 1589 prece.

769 1786 908 1833 ODE
933 1787 1076 1834 XIX.

625 1900 691 1931 AD
727 1900 970 1932 ARISTIUM
991 1902 1216 1952 ¹FUSCUM.

361 1981 592 2030 INTEGER
615 1983 721 2029 vitae
745 1984 1028 2046 scelerisque
1050 2000 1196 2046 purus

362 2048 476 2095 Non
500 2058 608 2111 eget
632 2049 812 2095 Mauris
832 2050 1018 2109 jaculis,
1043 2065 1196 2110 neque
1220 2065 1349 2110 arcu,

364 2112 471 2160 Nec
495 2115 737 2160 venenatis
761 2115 954 2174 gravida
980 2114 1177 2174 sagittis,

689 2179 862 2237 Fusce,
886 2180 1132 2241 pharetra;

364 2244 472 2290 Sive
496 2259 578 2305 per
605 2244 764 2304 Syrtes
788 2246 873 2290 iter
900 2255 1138 2303 aestuosas,

364 2309 472 2356 Sive
498 2309 704 2355 facturus
727 2327 808 2371 per
835 2311 1163 2372 inhospitalem

363 2372 648 2434 Caucasum,
675 2377 745 2421 vel
771 2393 873 2436 quae
897 2377 1001 2422 loca
1027 2375 1264 2422 fabulosus

689 2441 877 2487 Lambit
902 2442 1164 2503 Hydaspes.

360 2503 581 2567 Namque
604 2521 680 2551 me
705 2507 820 2552 silva
844 2507 983 2568 lupus
1008 2508 1055 2552 in
1082 2506 1278 2565 Sabina,

361 2569 488 2616 Dum
513 2587 666 2617 meam
692 2582 830 2619 canto
854 2572 1082 2634 Lalagen,
1107 2582 1153 2618 et
1177 2571 1299 2618 ultra

359 2635 644 2683 Terminum
669 2639 794 2683 curis
818 2654 957 2699 vagor
977 2636 1223 2699 expeditis,
1288 2667 1291 2669 -

689 2703 833 2765 Fugit
857 2705 1087 2750 inermem
1106 2719 1115 2749 :

357 2765 518 2814 Quale
541 2776 808 2827 portentum
828 2785 980 2829 neque
1005 2767 1215 2813 militaris

360 2829 572 2876 Daunias
595 2832 699 2877 latis
725 2833 805 2878 alit
831 2833 1088 2888 aesculeti53

362 2893 469 2942 Nec
492 2895 521 2941 J
527 2897 628 2942 ubae
653 2897 788 2942 tellus
813 2907 1022 2959 generat,
1047 2898 1235 2943 leonum

690 2962 839 3008 Arida
864 2963 1033 3008 nutrix.

361 3023 490 3071 Pone
513 3040 588 3070 me
611 3026 754 3087 pigris
779 3028 857 3072 ubi
883 3027 1013 3072 nulla
1036 3026 1215 3088 campis

360 3090 516 3138 Arbor
540 3092 698 3153 aestiya
721 3101 955 3139 recreatur
981 3092 1113 3151 aura,

1682 1134 1746 1183 10

1687 1462 1746 1510 15

1677 2570 1737 2618 10

1676 2896 1734 2942 15
