1841 3349
635 131 688 214 o„
716 165 961 206 HORATn
989 160 1198 222 Furem

805 349 946 397 ODE
969 349 1035 396 X.

747 464 814 494 AD
839 463 1092 494 ROMANOS.

357 547 617 596 HERCULIS
641 547 751 606 ritu,
784 543 925 592 modo
951 546 1123 602 dictus,
1147 560 1176 591 o
1198 544 1349 607 plebs,

358 613 514 660 Morte
541 613 751 659 venalem
777 612 968 673 petiisse
979 611 1194 669 laurum,

358 680 518 726 Caesar
544 679 761 741 Hispana
786 678 954 738 repetit
978 676 1185 722 Penates

753 744 919 789 Victor
944 742 1002 788 ab
1025 742 1123 788 ora.

358 811 515 858 Unico
537 811 750 872 gaudens
774 809 941 854 mulier
966 809 1133 854 marito

358 877 577 935 Prodeat‚
597 876 735 938 justis
758 884 949 936 operata
973 874 1118 930 divis;

360 942 423 989 Et
446 959 573 989 soror
598 942 713 987 clari
738 941 874 986 ducis
895 956 905 986 z
941 950 988 985 et
1012 941 1196 986 decorae

758 1005 983 1066 Supplice
1008 1005 1123 1050 vitta

361 1073 616 1135 Virginum
640 1081 812 1118 matres
831 1072 1153 1133 juvenumque
1178 1085 1328 1131 nuper

365 1140 620 1201 Sospitum.
691 1139 806 1196 Vos,
831 1154 860 1183 o
883 1137 1033 1198 pueri,
1058 1146 1105 1182 et
1128 1135 1296 1197 puellae

364 1204 392 1251 J
398 1221 474 1252 am
497 1205 648 1251 virum
673 1213 892 1265 expertae,
919 1201 1043 1248 male
1068 1201 1292 1248 ominatis

759 1269 947 1315 Parcite
971 1268 1139 1313 verbis.

366 1336 464 1383 Hic
488 1335 590 1382 dies
612 1333 722 1381 vere
748 1335 863 1380 mihi
890 1335 1033 1379 festus
1058 1343 1181 1379 atras

365 1402 554 1448 Eximet
578 1417 743 1447 curas:
780 1417 869 1462 ego
895 1415 984 1445 nec
1009 1399 1279 1456 tumultum,

365 1467 473 1514 Nec
496 1468 616 1514 mori
640 1483 722 1529 per
747 1467 838 1512 vim
865 1475 1088 1523 metuam,
1113 1473 1308 1510 tenente

762 1533 952 1578 Caesare
976 1541 1137 1577 terras.

370 1599 413 1657 I,
438 1607 546 1660 pete
570 1607 886 1660 unguentum,
910 1613 1043 1659 puer,
1067 1605 1114 1641 et
1138 1610 1355 1655 coronas,

366 1664 429 1712 Et
453 1665 624 1711 cadum
651 1664 797 1710 Marsi
823 1678 1078 1709 memorem
1103 1661 1264 1719 duelli,

371 1731 651 1793 Spartacum
676 1730 714 1775 si
738 1729 830 1790 qua
854 1729 1003 1789 potuit
1027 1736 1277 1788 vagantem
1298 1724 1302 1727 ⁴

764 1794 948 1839 Fallere
975 1802 1106 1838 testa.

370 1861 464 1908 Dic
487 1870 535 1907 et
559 1869 735 1922 argutae
759 1868 975 1921 properet
999 1857 1045 1903 N
1051 1872 1184 1903 eaerae

371 1926 671 1988 Myrrhinum
697 1926 821 1971 nodo
846 1924 1066 1970 cohibere
1091 1922 1301 1969 crinem:

374 1993 426 2040 Si
448 2008 531 2055 per
555 1992 757 2038 invisum
781 2006 910 2036 mora
929 1990 1180 2051 janitorem

768 2055 890 2112 Fiet,
917 2056 1054 2100 abito.

373 2123 513 2170 Lenit
537 2122 786 2168 albescens
810 2121 992 2165 animos
1019 2118 1216 2178 capillus

374 2189 551 2236 Litium
576 2196 623 2234 et
647 2187 757 2233 rixae
783 2186 980 2247 cupidos
1004 2194 1256 2246 protervae:

374 2254 487 2302 Non
511 2270 600 2316 ego
625 2255 714 2300 hoc
740 2253 924 2308 ferrem,
951 2251 1132 2295 calidus
1151 2247 1363 2310 juventa,

772 2317 980 2364 Consule
1006 2316 1198 2361 Planco.

1073 2467 1188 2474 >.-—-—---

803 2576 942 2625 ODE
967 2575 1058 2623 XI.

722 2693 787 2724 An
823 2689 1169 2723 MAECENATEM.

382 2779 641 2826 INCLUSAM
666 2773 871 2823 Danaen
895 2773 1035 2820 turris
1055 2771 1257 2828 ahenea,

382 2845 704 2903 Robustaeque
731 2843 868 2898 fores,
893 2849 939 2886 et
963 2837 1154 2898 vigilum
1180 2850 1355 2881 canum

383 2911 565 2955 Tristes
588 2908 818 2965 excubiae,
844 2903 1108 2950 munierant
1136 2899 1251 2947 satis

646 2968 907 3018 Nocturnis
930 2970 990 3014 ab
1013 2967 1268 3024 adulteris3

385 3041 437 3087 Si
462 3054 556 3085 non
582 3038 836 3093 Acrisium,
862 3034 1055 3095 virginis
1080 3033 1249 3078 abditae

385 3103 646 3151 Custodem
668 3103 907 3164 pavidum,
931 3098 1114 3160 Jupiter
1138 3109 1186 3145 et
1208 3097 1375 3144 Venus

1690 1131 1749 1179 10

1692 1459 1753 1506 15
