1841 3349
1153 91 1162 113 Ι

588 223 932 266 SATIRARUM
961 221 1071 262 LIB.
1102 223 1136 262 I.
1167 224 1206 262 5.
1286 183 1303 194 ‘
1631 222 1724 271 103

137 349 351 395 Setosam
376 346 481 392 levi
507 345 707 392 frontem
732 352 999 405 turpaverat
1020 342 1129 389 oris.

137 414 438 475 Campanum
463 414 510 457 in
538 412 767 468 morbum,
795 411 843 455 in
870 409 1038 455 faciem
1063 407 1296 469 permulta
1315 407 1524 469 jocatus,
1568 426 1573 441 ÷

137 481 376 526 Pastorem
403 478 592 533 saltaret
617 475 684 522 uti
711 476 920 536 Cyclopa
942 475 1169 536 rogabat?
1283 484 1286 488 '

137 545 222 592 Nil
249 545 312 590 illi
339 545 466 589 larva
492 553 572 589 aut
595 543 787 604 tragicis
811 557 930 602 opus
956 557 1058 586 esse
1083 537 1341 585 cothurnis.

138 610 294 657 Multa
319 610 532 656 Cicirrus
558 610 616 654 ad
643 610 770 654 haec:
809 608 1035 653 donasset
1055 607 1217 668 jamne
1243 613 1460 650 catenam
1525 623 1529 628 ·
1658 601 1724 649 65

139 677 215 723 Ex
239 686 343 722 voto
368 676 586 737 Laribus,
612 674 851 736 quaerebat
872 690 880 718 :
919 673 1076 718 scriba
1099 669 1227 733 quod
1253 678 1394 729 esset,

138 742 361 789 Deterius
385 742 533 787 nihilo
558 741 761 786 dominae
783 740 859 801 jus
884 755 999 784 esse.
1072 737 1296 798 Rogabat

139 808 360 869 Denique
385 824 468 853 cur
494 823 700 867 unquam
727 806 938 866 fugisset,
965 804 1044 849 cui
1069 801 1182 848 satis
1207 817 1304 847 una

62 900 69 904 ·
103 887 111 895 “
139 874 299 920 Farris
324 874 442 919 libra
467 873 599 930 foret,
626 872 792 933 gracili
817 871 886 915 sic
912 880 1098 930 tamque
1123 867 1309 930 pusillo.

141 928 339 987 Prorsus
359 937 573 1001 jucunde
601 953 785 983 coenam
811 936 1118 998 produximus
1143 935 1283 980 illam.
1662 931 1726 978 70

140 1020 142 1022 ’
207 1006 477 1052 Tendimus
504 1006 615 1049 hinc
640 1005 770 1049 recta
796 1003 1139 1057 Beneventum,
1168 999 1246 1044 ubi
1273 998 1466 1044 sedulus
1489 997 1660 1060 hospes

140 1070 273 1118 Pone
300 1071 426 1129 arsit,
453 1086 636 1115 macros
662 1070 774 1113 dum
800 1069 961 1113 turdos
988 1075 1139 1112 versat
1164 1066 1212 1111 in
1239 1065 1349 1126 igne
1372 1080 1381 1110 :

143 1137 271 1183 Nam
299 1153 420 1198 vaga
443 1153 526 1197 per
551 1146 755 1181 veterem
783 1135 963 1194 dilapso
987 1132 1175 1178 flamma
1200 1132 1408 1176 culinam

142 1204 361 1250 Vulcano
386 1217 623 1248 summum
648 1200 929 1261 properabat
954 1199 1160 1244 lambere
1185 1206 1379 1243 tectum.

142 1269 378 1316 Convivas
404 1268 564 1313 avidos
589 1282 778 1312 coenam
804 1281 1053 1325 servosque
1079 1264 1300 1310 timentes
1662 1260 1727 1307 75

143 1335 274 1382 Tum
301 1350 480 1395 rapere,
507 1343 646 1394 atque
670 1348 834 1378 omnes
858 1332 1152 1391 restinguere
1177 1329 1296 1375 velle
1320 1328 1516 1375 videres.

210 1400 386 1462 Incipit
410 1416 468 1445 ex
494 1400 571 1445 illo
595 1407 778 1444 montes
798 1398 974 1458 Apulia
999 1405 1133 1442 notos

142 1466 397 1514 Ostentare
423 1466 555 1521 mihi,
581 1461 865 1525 quos'torret
893 1462 1145 1520 Atabulus,
1171 1469 1218 1507 et
1240 1475 1357 1522 quos

143 1533 403 1594 Nunquam
428 1547 716 1593 erepsemus‚
743 1530 834 1576 nisi
861 1546 947 1575 nos
971 1529 1127 1574 vicina
1151 1527 1335 1573 Trivici

143 1600 268 1647 Villa
294 1599 564 1660 recepisset,
590 1598 853 1658 lacrymoso
878 1611 973 1641 non
1000 1595 1101 1640 sine
1124 1594 1267 1653 fumo,
1663 1589 1730 1639 80

144 1665 275 1713 Udos
299 1681 408 1711 cum
435 1664 555 1710 foliis
579 1679 733 1708 ramos
758 1671 925 1707 urente
950 1660 1152 1706 camino.

209 1732 430 1781 Quatuor
456 1731 567 1775 hinc
591 1729 798 1790 rapimur
822 1727 987 1789 viginti
1012 1736 1059 1773 et
1084 1726 1230 1772 millia
1253 1724 1431 1783 rhedis,

146 1796 362 1844 Mansuri
386 1796 609 1857 oppidulo
632 1795 757 1855 quod
782 1809 918 1839 versu
944 1794 1102 1838 dicere
1127 1808 1222 1838 non
1248 1800 1334 1850 est,

147 1864 309 1926 Signis
332 1861 555 1925 perfacile
581 1871 678 1907 est:
714 1861 842 1906 venit
866 1860 1090 1905 vilissima
1113 1874 1272 1904 rerum

147 1929 246 1976 Hic
271 1945 416 1990 aqua3
456 1929 537 1974 sed
563 1927 698 1989 panis
722 1924 864 1987 longe
890 1925 1253 1987 pulcherrimus,
1279 1921 1402 1984 ultra
1499 1918 1503 1922 ¹
1666 1919 1732 1968 85

147 1995 362 2042 Callidus
387 2004 439 2039 ut
464 1994 610 2039 soleat
637 1992 844 2038 humeris
866 2001 1052 2053 portare
1076 1991 1222 2036 viator
1245 2007 1254 2035 :

147 2061 275 2108 Nam
300 2059 480 2106 Canusi
505 2059 761 2120 lapidosus,
789 2072 920 2118 aquae
946 2073 1041 2103 non
1067 2057 1204 2102 ditior
1229 2070 1374 2111 urna3

146 2127 250 2177 Qui
276 2127 407 2173 locus
432 2142 459 2171 a
484 2125 588 2171 forti
614 2125 847 2170 Diomede
871 2133 942 2169 est
966 2123 1186 2168 conditus
1209 2122 1335 2168 olim.

149 2193 398 2240 Flentibus
423 2191 502 2241 hic
528 2191 700 2237 Varius
726 2190 930 2235 discedit
953 2198 1148 2234 moestus
1173 2188 1352 2234 amicis.

215 2257 337 2304 Inde
364 2252 533 2303 Rubos
558 2257 666 2302 fessi
691 2256 1005 2317 pervenimus,
1031 2264 1191 2316 utpote
1217 2255 1410 2316 longum
1432 2268 1434 2270 ·
1667 2247 1736 2298 90

74 2390 78 2391 ⁷
149 2325 412 2386 Carpentes
438 2325 539 2381 iter,
565 2333 610 2369 et
635 2323 812 2369 factum
838 2322 1101 2382 corruptius
1127 2321 1279 2367 imbri.

150 2391 344 2439 Postera
367 2399 620 2452 tempestas
645 2390 833 2444 melior3
872 2389 945 2433 via
969 2388 1096 2449 pejor
1122 2388 1180 2446 ad
1206 2402 1355 2447 usque

151 2457 261 2504 Bari
289 2457 463 2502 moenia
485 2456 671 2517 piscosi.
743 2454 934 2500 Dehinc
958 2454 1154 2512 Gnatia,
1176 2452 1378 2515 lymphis

151 2523 290 2570 Iratis
315 2532 566 2578 exstructa,
593 2522 723 2567 dedit
746 2522 960 2580 risusque
981 2520 1206 2580 jocosque
1228 2536 1237 2575 3

153 2588 298 2646 Dum,
325 2587 513 2632 flamma
539 2587 657 2643 sine,
684 2588 820 2631 thura
844 2587 1105 2645 liquescere
1130 2585 1294 2630 limine
1320 2592 1454 2629 sacr'o
1669 2580 1737 2628 95

153 2654 444 2700 Persuadere
470 2653 626 2712 cupit:
664 2652 825 2696 credat
849 2650 1047 2695 Judaeus
1072 2650 1258 2710 Apella,

82 2743 84 2745 ·
152 2720 267 2767 Non
291 2734 407 2780 ego;
446 2731 648 2776 namque
675 2716 788 2761 deos
813 2715 959 2760 didici
985 2730 1206 2759 securum
1231 2729 1372 2776 agere
1397 2726 1581 2769 aevum;

154 2786 270 2843 Nec¹
304 2785 342 2829 si
367 2783 477 2844 quid
504 2782 608 2827 miri
634 2782 775 2826 faciat
799 2789 983 2836 natura,
1009 2781 1122 2826 deos
1147 2780 1195 2825 id

154 2851 340 2897 Tristes
366 2865 423 2895 ex
447 2849 539 2894 alto
564 2847 671 2893 coeli
697 2847 942 2892 demittere
969 2855 1107 2892 tecto.

155 2915 479 2964 Brundusium
504 2915 657 2976 longoe
682 2913 789 2959 finis
813 2913 1080 2973 chartaeque
1104 2911 1306 2973 viaeque.
1645 2907 1738 2956 loo
