1841 3349
603 138 935 178 CARMINUM
965 141 1075 181 LIB.
1106 145 1165 183 ΙΙ.

321 255 532 319 Rapacis
556 256 672 303 Orci
697 257 791 303 fine
816 258 1066 319 destinata,

587 323 714 368 Aula
739 324 930 370 divitem
958 336 1118 374 manet

319 386 519 434 Herum.
577 387 712 437 Quid
739 388 860 436 ultra
884 392 1074 438 tendis?
1133 393 1292 457 AEqua
1313 397 1452 446 tellus

581 453 782 515 Pauperi
809 457 1067 505 recluditur

317 517 605 581 Regumque
629 521 814 580 pueris:
851 538 941 569 nec
966 525 1152 571 satelles
1176 525 1293 575 Orci

581 585 819 632 Callidum
844 588 1127 637 Promethea

313 648 535 710 Revexst,
562 667 674 698 auro
699 662 876 714 captus.
949 656 1045 702 Hic
1070 659 1323 719 superbum

579 717 839 765 Tantalum
865 730 1004 782 atque
1031 723 1224 771 Tantali

314 782 480 828 Genus
504 785 719 829 coercet:
757 786 834 830 hic
860 787 1014 833 levare
1040 789 1256 837 sunctum

576 847 839 911 Pauperem
865 853 1120 913 laboribus,

312 913 524 960 Vocatus
548 923 686 976 atque
710 933 806 964 non
831 929 1040 979 vocatUS,
1066 921 1208 968 audit.

714 1176 854 1223 ODE
890 1178 1030 1227 XVI.

705 1292 761 1322 IN
786 1292 1039 1325 BACCHUM.

309 1372 557 1420 BAccnmvr
582 1374 630 1420 in
655 1375 847 1421 remotis
872 1378 1086 1426 carmina
1109 1383 1306 1445 rupibus

308 1439 422 1486 Vidi
447 1440 699 1486 docentem
727 1439 947 1502 (credite,
972 1448 1190 1512 posteri),

373 1505 715 1568 Nymphasque
740 1508 996 1568 discentes,
1023 1522 1070 1558 et
1094 1531 1234 1562 aures

437 1571 758 1635 Capripedum
785 1575 1059 1636 Satyrorum
1085 1591 1262 1630 acutas.

304 1636 460 1683 Evoe!
498 1639 679 1684 recenti
703 1655 838 1686 mens
863 1643 1067 1704 trepidat
1091 1657 1237 1707 mem,

302 1702 542 1764 Plenoque
568 1704 747 1750 Bacchi
771 1716 962 1767 pectore
986 1711 1230 1760 turbidum

367 1768 606 1817 Laetatur!
666 1770 819 1818 Evoe!
856 1789 1016 1835 parce,
1042 1776 1213 1826 Liber!

433 1836 599 1895 Parce,
626 1837 755 1898 gravi
781 1842 1037 1888 metuende
1061 1845 1248 1906 thyrso!

300 1899 395 1946 Fas
419 1902 690 1962 pervicaces
714 1913 786 1949 est
809 1907 926 1952 mihi
953 1907 1218 1972 Thyiadas,

301 1966 509 2027 Vinique
535 1968 728 2026 fontem,
754 1970 890 2016 lactis
914 1981 962 2018 et
985 1974 1154 2022 uberes

365 2032 572 2079 Cantare
596 2034 733 2093 riVOS,
755 2045 894 2097 atque
919 2042 1101 2087 truncis

429 2098 584 2160 Lapsa
609 2100 736 2146 cavis
761 2102 931 2149 iterare
957 2107 1110 2154 mella.

296 2161 390 2209 Fas
416 2172 462 2210 et
487 2165 635 2212 beatae
661 2167 877 2230 conjugis
902 2171 1115 2219 additum

296 2229 455 2276 Stellis
481 2231 722 2292 honorem,
748 2243 966 2297 tectaque
991 2238 1197 2288 Penthei

358 2295 572 2358 Disjecta
595 2315 691 2344 non
716 2300 811 2346 leni
836 2304 991 2363 ruina,

427 2362 632 2427 Thracis
657 2374 704 2412 et
727 2368 922 2415 exitium
947 2371 1170 2436 Lycurgi.

292 2426 374 2473 Tu
399 2426 551 2476 flectis
576 2447 755 2492 amnes,
781 2443 830 2480 tu
858 2452 985 2483 mare
1011 2439 1291 2489 barbarum:

292 2492 374 2538 Tu
398 2497 622 2555 separatis
647 2499 814 2546 uvidus
839 2502 887 2547 in
908 2503 1057 2566 jugis

356 2557 404 2603 N
409 2561 500 2606 odo
524 2566 719 2610 coerces
744 2566 954 2628 viperino

427 2624 726 2673 Bistonidum
753 2632 855 2677 sine
882 2634 1045 2680 fraude
1070 2637 1252 2686 crines:

289 2689 386 2748 Tu,
410 2707 553 2752 quum
578 2695 787 2753 parentis
812 2713 959 2758 regna
981 2715 1063 2760 per
1088 2702 1287 2751 arduum

290 2755 473 2803 Cohors
496 2757 757 2820 Gigantum
783 2764 1033 2812 scanderet
1057 2767 1216 2830 impia,

352 2821 584 2870 Rhoetum
610 2827 836 2874 retorsisti
860 2829 1011 2876 leonis

418 2888 670 2951 Unguibus
696 2893 1003 2957 horribilique
1028 2898 1153 2945 mala
1168 2917 1180 2958 ;

287 2951 593 3016 Quanquam,
619 2959 802 3006 choreis
838 2963 985 3023 aptior
1009 2974 1056 3011 et
1074 2965 1195 3027 jocis

286 3017 516 3082 Ludoque
540 3023 710 3085 dictuS‚
736 3042 833 3075 non
857 3038 928 3076 sat
951 3029 1152 3078 idoneus

1650 270 1716 318 30

1636 1985 1697 2033 10

1630 2316 1691 2363 15

1618 2643 1686 2692 20
