1841 3349
108 197 166 244 lo

641 195 696 242 Q.
724 189 967 235 HoRATn
997 162 1204 236 FLAcm

745 408 755 418 -
776 378 917 426 ODE
950 379 1070 427 XII.

687 490 756 521 AD
790 493 1167 524 REMPUBLICAM.

360 573 408 621 Ο
432 588 595 632 Nuus,
618 572 826 620 referent
850 574 899 620 in
924 590 1054 620 mare
1078 583 1124 620 te
1148 577 1257 621 novi

362 639 584 686 Fluctus!
622 638 668 683 Ο
692 639 802 698 quid
829 639 962 700 agis?
998 638 1200 685 Fortiter
1225 655 1407 702 occupa

690 703 895 750 Portum.
969 703 1144 750 Nonne
1169 705 1299 753 vides
1324 715 1374 753 ut

626 768 822 814 Nudum
849 769 1047 830 remigio
1071 770 1207 828 latus,

361 834 425 882 Et
447 835 598 881 maius
622 836 763 881 celeri
789 835 977 880 saueius
1003 835 1182 892 Africo,

366 901 694 961 Antennaeque
720 910 924 960 gemant,
947 916 1002 945 ao
1027 901 1127 945 sine
1154 901 1346 946 funibus

691 965 783 1009 Vix
809 966 977 1021 durare
1003 966 1175 1010 carinae

625 1029 813 1075 Possint
838 1030 1132 1091 imperiosius

362 1096 575 1158 AEquor'?
611 1094 724 1141 Non
750 1095 829 1140 tibi
856 1105 964 1140 sunt
990 1096 1173 1156 integra
1195 1096 1355 1154 lintea,

364 1163 476 1210 Non
502 1161 550 1208 di
574 1177 691 1223 quos
716 1161 884 1206 iterum
909 1177 1069 1221 pressa
1092 1177 1230 1207 voees
1255 1162 1402 1208 malo:

689 1226 924 1275 Quamvis
950 1226 1148 1272 Pontica
1171 1227 1328 1287 pinus,

627 1292 766 1337 Silvae
794 1292 886 1337 filia
911 1293 1095 1349 nobilis,

364 1358 525 1405 Jactes
548 1366 594 1404 et
618 1373 768 1418 genus
792 1368 838 1403 et
862 1374 1034 1403 nomen
1061 1357 1239 1403 inutile.

363 1423 448 1471 Nil
471 1424 608 1487 pictis
632 1424 824 1469 timidus
849 1424 1005 1468 navita
1027 1423 1261 1484 puppibus

692 1488 832 1533 Fidit.
903 1488 999 1546 Tu,
1024 1490 1114 1534 nisi
1140 1489 1291 1534 ventis

627 1553 786 1599 Debes
810 1553 1080 1611 ludibrium,
1106 1570 1233 1599 cave.
1280 1600 1284 1601 γ

362 1618 528 1682 Nuper
552 1619 803 1665 sollicitum
829 1635 930 1680 quae
957 1620 1071 1664 mihi
1095 1620 1305 1677 taedium,

363 1685 510 1733 Nunc
534 1686 834 1741 desiderium,
861 1701 1064 1744 curaque
1090 1701 1185 1730 non
1209 1684 1340 1743 levis,

694 1749 930 1795 Interfusa
953 1751 1157 1795 nitentes

625 1815 760 1862 Vites
786 1830 971 1876 aequora
995 1815 1244 1877 Cycladas.

757 2073 897 2120 ODE
938 2072 1086 2119 XIII.

422 2189 578 2221 NEREI
601 2186 900 2218 VATICINIUM
925 2186 990 2215 DE
1016 2185 1221 2216 EXCIDIO
1245 2186 1426 2218 TROJAE.

364 2272 564 2318 PASTOR
588 2286 730 2331 quum
755 2270 959 2316 traheret
982 2284 1063 2329 per
1089 2268 1205 2314 freta
1229 2269 1427 2315 navibus

364 2336 506 2383 Idaeis
533 2336 750 2382 Helenen
775 2335 980 2396 perfidus
1004 2333 1253 2395 hospitam,

365 2402 558 2465 Ingrato
577 2402 754 2448 celeres
778 2401 930 2447 obruit
953 2400 1048 2445 otio

627 2467 823 2523 Ventos,
849 2474 899 2511 ut
923 2473 1113 2510 caneret
1138 2465 1233 2510 fera

364 2532 551 2579 Nereus
576 2532 667 2577 fata
686 2549 716 2577 ι-
732 2537 758 2555 “
785 2531 912 2576 Mala
937 2531 1071 2575 ducis
1097 2531 1167 2575 avi
1192 2531 1400 2589 domum,

363 2598 525 2648 Quam
552 2599 698 2643 multo
733 2605 911 2658 repetet
934 2596 1118 2641 Graecia
1144 2596 1307 2653 milite,

364 2663 620 2725 Conjurata
643 2674 746 2708 tuas
772 2678 985 2722 rumpere
1011 2662 1212 2722 nuptum,

628 2728 688 2773 Et
713 2744 907 2788 regnum
937 2727 1109 2771 Priami
1136 2736 1278 2771 vetus.

363 2793 528 2839 Eheu!
565 2802 766 2852 quantus
790 2793 936 2852 equis,
961 2801 1163 2850 quantus
1189 2792 1321 2835 adest
1344 2790 1452 2836 viris

368 2857 547 2904 Sudor!
584 2867 756 2917 quanta
783 2874 939 2902 moves
966 2857 1128 2901 funera
1152 2855 1387 2900 Dardanae
1451 2868 1454 2874 ·

365 2923 534 2969 Genti!
605 2922 710 2967 Jam
737 2923 917 2981 galeam
944 2922 1113 2978 Pallas,
1139 2931 1185 2966 et
1210 2920 1376 2980 aegida,

631 2987 915 3046 Currusque,
942 2996 988 3032 et
1012 2987 1204 3037 rabiem,
1231 2995 1373 3046 parat.

367 3052 716 3113 Nequidquam,
744 3053 943 3097 Veneris
967 3052 1181 3112 praesidio
1207 3051 1350 3110 ferox,

367 3118 534 3166 Pectes
557 3133 813 3175 caesariem,
838 3126 1060 3179 grataque
1085 3116 1288 3163 foeminis

1690 1162 1748 1208 10

1689 1488 1748 1535 15

1643 1813 1748 1861 ¹20

1691 2854 1745 2900 10
