1841 3349
531 187 874 226 SATIRARUM
904 187 1013 225 LIB.
1045 188 1102 226 11.
1133 190 1171 226 3.
1576 192 1667 246 121

85 304 267 351 Verum
290 305 351 351 ob
375 305 622 350 consilium
649 306 827 352 donent
851 306 1065 353 tonsore!
1126 307 1226 353 Sed
1251 307 1378 354 unde

84 369 211 417 Tam
237 372 356 417 bene
380 386 456 416 me
480 370 638 416 nosti?

696 494 986 521 DAMASIPPUS.

757 568 768 571 X
805 566 1058 627 Postquam
1084 567 1239 613 omnis
1262 583 1337 614 res
1360 583 1468 615 mea
1490 568 1668 617 Janum

83 632 162 676 Ad
187 629 394 675 medium
422 630 568 676 fracta
592 640 677 688 est,
704 632 858 678 aliena
878 634 1067 692 negotia
1091 649 1221 692 curo,

81 696 322 742 Excussus
346 697 556 757 propriis
615 696 743 743 Olim
772 714 882 743 narn
908 715 1117 759 quaerere
1142 700 1358 747 amabam
1603 702 1668 751 20

77 761 193 811 Quo
219 762 341 807 vafer
366 763 442 808 ille
466 764 611 823 pedes
635 763 820 809 lavisset
846 764 1073 824 Sisyphus
1098 781 1204 823 aere,

78 827 213 877 Quid
239 828 474 890 sculptum
502 827 700 886 infabre,
727 829 837 889 quid
866 830 1021 875 fusum
1047 829 1211 877 durius
1230 841 1384 889 esset3

82 893 296 939 Callidus
322 894 433 939 huic
452 895 587 956 signo
611 895 843 955 ponebam
869 896 1013 941 millia
1037 906 1229 943 centurn
1252 914 1263 954 ;

79 959 254 1005 Hortos
278 961 583 1021 egregiasque
610 961 773 1006 domos
799 962 1050 1007 mercarier
1076 978 1199 1008 unus

79 1025 204 1071 Cum
228 1026 359 1072 lucro
380 1025 572 1072 nfiram:
611 1028 737 1072 unde
764 1027 1024 1087 frequentia
1049 1027 1336 1076 Mercuriale
1602 1031 1666 1079 25

81 1089 358 1153 Imposuere
383 1093 499 1138 mihi
526 1108 791 1155 cognomen
818 1094 1037 1154 compita.

718 1216 959 1243 HORATIUS.

1129 1290 1282 1338 Novi:

78 1350 141 1398 Et
162 1352 312 1399 morbi
336 1352 478 1399 miror
502 1362 753 1415 purgatum
777 1363 823 1400 te
849 1354 986 1401 illius.

688 1477 980 1504 DAMASIPPUS.

1117 1554 1184 1600 At
1255 1555 1263 1563 '

76 1611 264 1660 Emovit
286 1623 488 1660 veterem
515 1614 632 1661 mire
659 1632 823 1675 novus,
849 1626 900 1663 ut
924 1619 1057 1677 solet,
1084 1619 1133 1665 in
1159 1571 1266 1667 agiu

75 1679 301 1740 Trajecto
327 1681 485 1726 lateris
509 1681 665 1728 miseri
693 1683 949 1744 capitisque
975 1685 1133 1731 dolore
1156 1702 1164 1732 :

74 1744 138 1792 Ut
161 1745 448 1808 lethargicus
473 1747 567 1804 hic,
592 1764 736 1808 quum
761 1749 812 1796 fit
834 1751 980 1811 pugil,
1006 1761 1053 1797 et
1073 1752 1312 1799 medicum
1337 1764 1486 1818 urget.
1599 1757 1664 1804 30

710 1871 950 1899 HORATIUS·

73 1939 201 1987 Dum
224 1956 285 1986 ne
305 1941 417 2002 quid
442 1941 593 1988 simile
618 1943 746 2003 huic,
772 1954 872 1991 esto
897 1955 948 1992 ut
971 1946 1098 1995 libet.

684 2067 975 2095 DAMASIPPUS.

1124 2144 1335 2208 Qbone,
1360 2164 1422 2196 ne
1445 2160 1492 2198 te
1538 2166 1544 2171 ·

70 2201 341 2259 Frustrere3
378 2203 558 2250 insanis
582 2215 628 2251 et
652 2215 718 2264 tu,
744 2207 964 2269 stultique
988 2208 1133 2272 prope
1158 2228 1341 2274 omnes,

69 2268 122 2314 Si
146 2271 255 2330 quid
285 2270 538 2316 Stertinius
565 2271 659 2317 veri
685 2284 875 2334 crepat3
903 2275 1029 2321 unde
1049 2293 1138 2338 ego
1163 2278 1281 2326 mira
1306 2281 1312 2286 ’

67 2333 306 2397 Descripsi
334 2336 500 2381 docilis
524 2349 758 2399 praecepta
785 2340 901 2397 haec,
927 2351 1138 2403 tempore
1162 2361 1255 2405 quo
1279 2361 1356 2394 me

68 2401 255 2447 Solatus
275 2401 413 2462 jussit
437 2403 698 2463 sapientem
723 2421 916 2466 pascere
943 2408 1150 2467 barbam,
1576 2417 1653 2464 ,35

66 2467 225 2527 Atque
249 2484 275 2513 e
305 2467 521 2514 Fabricio
548 2485 642 2515 non
669 2470 847 2516 tristem
872 2483 1014 2533 ponte
1040 2476 1221 2522 reverti.

66 2531 193 2577 Nam
220 2530 342 2577 male
369 2548 417 2577 re
442 2534 576 2593 gesta
600 2551 744 2592 quum
771 2537 937 2583 vellem
965 2540 1147 2586 mittere
1171 2552 1334 2603 operto

66 2596 149 2643 Me
173 2598 324 2658 capite
350 2597 396 2642 in
424 2597 616 2654 flumen,
642 2601 803 2646 dexter
828 2604 954 2649 stetit
976 2621 984 2650 :
1022 2615 1084 2662 et,
1122 2611 1150 2630 “
1173 2608 1300 2654 Cave
1326 2609 1443 2656 faxis
1475 2659 1478 2663 ,

65 2663 142 2709 Te
165 2663 416 2724 quidquam
444 2663 720 2724 indignum3
759 2668 954 2726 ;)udor‚'’
982 2670 1147 2730 inquit,
1177 2676 1270 2718 “te
1304 2674 1456 2721 malus
1480 2686 1631 2741 urget,

66 2728 264 2775 Insanos
288 2728 366 2789 qui
392 2728 512 2773 inter
538 2745 724 2775 vereare
750 2731 943 2778 insanus
969 2735 1143 2781 haberi.
1568 2741 1650 2790 ’40

64 2792 277 2841 Primum
303 2810 411 2839 narn
433 2794 663 2855 inquiram
689 2797 799 2856 quid
826 2798 884 2842 sit
909 2798 1060 2845 furere
1083 2817 1091 2845 :
1130 2802 1220 2849 hoc
1244 2803 1280 2850 si
1306 2804 1396 2852 erit
1417 2806 1468 2853 in
1491 2815 1538 2855 te

66 2860 193 2917 Solo,
219 2860 283 2905 nil
311 2860 454 2917 verbi,
480 2876 645 2920 pereas
669 2863 779 2922 quin
810 2863 1000 2923 fortiter,
1027 2866 1210 2914 addam.
1480 2860 1482 2862 i

62 2925 227 2975 Quem
253 2926 376 2971 mala
398 2926 594 2972 stultitia
617 2936 664 2973 et
687 2944 1018 2991 quemcunque
1039 2933 1226 2980 inscitia
1251 2936 1347 2984 veri

62 2990 261 3038 Caecum
286 2991 398 3052 agit,
425 2991 643 3038 insanum
669 2993 920 3056 Chrysippi
946 2997 1152 3058 porticus
1175 3009 1222 3046 et
1244 2989 1359 3062 grex

63 3055 308 3103 Autumat.
370 3056 490 3102 Haec
512 3059 722 3119 populos,
748 3060 850 3106 haec
876 3078 1070 3124 magnos
1096 3064 1292 3114 formula
1314 3083 1466 3130 reges,
1531 3104 1535 3109 .
1561 3070 1642 3116 »45

14 3141 16 3150 2
63 3120 275 3185 Excepto
298 3123 688 3236 sapiente,ltlenet.
746 3125 894 3179 Nunc
918 3144 1081 3192 accipe
1105 3146 1249 3194 quare
