1841 3349
627 133 678 180 Q.
709 133 951 172 HORATII
978 132 1186 173 FLACCI

216 251 325 300 Nec
347 260 444 298 tam
468 251 668 298 Larissae
690 253 922 314 percussit
945 268 1140 313 campus
1163 251 1350 313 opimae,

412 316 578 367 Quam
603 319 770 364 domus
794 318 1027 363 Albuneae
1052 317 1333 375 resonantis,
1421 370 1424 373 .

215 383 279 430 Et
300 399 509 446 praeceps
535 384 678 442 Anio,
704 399 759 428 ac
785 382 989 428 Tiburni
1014 383 1164 441 lucus,
1190 391 1237 428 et
1260 381 1355 427 uda

414 447 670 495 Mobilibus
694 449 901 510 pomaria
925 448 1046 493 rivis.

216 514 370 561 Albus
394 523 445 560 ut
467 515 669 561 obscuro
695 515 906 575 deterget
930 513 1091 558 nubila
1115 512 1234 558 coelo
1667 509 1728 556 15

415 577 552 641 Saepe
579 579 750 636 Notus,
776 595 928 639 neque
949 578 1147 640 parturit
1173 577 1345 623 imbres

214 644 499 707 Perpetuos3
538 645 606 690 sic
629 654 679 690 tu
704 646 891 705 sapiens
915 644 1050 688 finire
1075 651 1313 688 memento

413 709 676 756 Tristitiam
701 710 896 770 vitteque
920 709 1103 754 labores

215 774 368 834 Molli,
393 775 586 833 Plance,
612 791 768 831 mero3
807 791 889 820 seu
915 783 959 820 te
986 773 1212 834 fulgentia
1236 772 1383 834 signis

414 841 580 887 Castra
604 849 782 898 tenent,
808 856 890 886 seu
916 841 1064 885 densa
1086 838 1265 884 tenebit
1662 834 1729 883 20

215 905 413 953 Tiburis
437 907 602 951 umbra
626 907 707 951 tui.
779 905 970 950 Teucer
997 904 1236 950 Salamina
1259 911 1530 964 patremque

411 972 578 1021 Quum
604 971 800 1031 fugeret,
825 980 983 1015 tamen
1009 966 1102 1014 uda
1126 969 1269 1028 Lyaeo

215 1038 456 1098 Tempora
478 1036 679 1097 populea
705 1036 848 1080 fertur
873 1034 1075 1079 vinxisse
1100 1033 1291 1091 corona,

415 1102 496 1147 Sic
520 1102 675 1147 tristes
701 1101 866 1145 affatus
891 1099 1095 1144 amicos:

217 1165 378 1218 “Quo
404 1184 490 1213 nos
516 1182 703 1226 cunque
729 1166 846 1211 feret
870 1165 1031 1210 melior
1057 1164 1242 1209 fortuna
1263 1170 1476 1224 parente,
1662 1162 1728 1210 25

413 1232 611 1290 Ibimus,
635 1248 663 1277 o
688 1232 803 1277 socii
828 1230 1142 1289 comitesque!

215 1298 298 1346 Nil
323 1299 668 1360 desperandum
695 1297 887 1342 Teucro
912 1297 1049 1352 duee,
1076 1303 1122 1340 et
1148 1294 1337 1355 auspice
1361 1292 1556 1339 Teucro
1570 1308 1582 1349 3

412 1364 583 1410 Certus
607 1363 734 1408 enim
757 1361 969 1423 promisit
994 1360 1164 1421 Apollo

215 1431 504 1492 Ambiguam
529 1429 693 1475 tellure
719 1428 838 1474 nova
866 1427 1106 1472 Salamina
1131 1425 1348 1470 futuram.

412 1495 458 1541 O
484 1496 623 1541 fortes
647 1494 895 1555 pejoraque
920 1492 1045 1553 passi
1661 1487 1727 1535 30

216 1560 412 1609 Mecum
437 1558 563 1622 saepe
590 1560 700 1605 viri!
739 1575 869 1605 nunc
894 1558 1001 1604 vino
1024 1556 1183 1619 pellite
1207 1570 1369 1601 curas.

415 1626 534 1674 Cras
558 1626 727 1688 ingens
750 1624 1024 1670 iterabimus
1049 1622 1250 1683 aequor.''

766 1887 904 1934 ODE
928 1885 1044 1933 VII.

751 2000 817 2030 AD
852 1999 1059 2030 LYDIAM.

611 2083 790 2139 LYmA,
816 2082 909 2138 dic,
934 2096 1016 2141 per
1040 2094 1205 2125 omnes

281 2149 358 2199 Te
382 2150 495 2197 deos
516 2165 598 2197 oro
619 2164 629 2194 ε
667 2147 867 2208 Sybarin
894 2161 977 2192 cur
1001 2159 1221 2206 properas
1246 2141 1448 2189 amando

608 2213 847 2259 Perdere?
883 2227 966 2256 cur
992 2210 1201 2271 apricum

280 2281 451 2329 Oderit
473 2295 710 2341 campum,
734 2278 918 2338 patiens
940 2275 1143 2337 pulveris
1168 2283 1304 2334 atque
1328 2271 1471 2318 solis?

612 2344 710 2390 Cur
734 2359 887 2403 neque
912 2340 1125 2386 militaris
1693 2336 1728 2384 5

282 2410 413 2459 Inter
437 2410 638 2472 aequales
663 2409 853 2470 equitat,
879 2407 1063 2453 Gallica
1085 2421 1176 2451 nec
1199 2402 1370 2465 lupatis

609 2474 868 2535 Temperat
891 2489 972 2518 ora
997 2471 1187 2517 fraenis'l

281 2541 381 2590 Cur
403 2541 537 2588 timet
560 2539 728 2586 flavum
756 2539 971 2584 Tiberim
996 2536 1223 2598 tangere?
1260 2549 1344 2581 cur
1366 2532 1541 2579 olivum

613 2605 856 2666 Sanguine
883 2603 1091 2664 viperino

283 2671 485 2719 Cautius
509 2672 653 2717 vitat?
689 2686 841 2730 neque
863 2669 958 2730 jam
984 2668 1124 2713 livida
1149 2673 1301 2728 gestat
1324 2662 1467 2710 armis
1667 2658 1730 2709 10

612 2735 829 2792 Brachia,
856 2731 979 2795 saepe
1007 2734 1155 2788 diseo,

283 2802 423 2864 Saepe
448 2810 577 2847 trans
601 2800 742 2845 finem
764 2800 922 2859 jaculo
946 2798 1115 2843 nobilis
1139 2793 1391 2856 expedito?

610 2864 744 2913 Quid
773 2865 896 2921 latet,
923 2872 974 2909 ut
996 2861 1189 2908 marinae

283 2931 459 2979 Filium
484 2931 648 2977 dicunt
672 2928 893 2974 Thetidis
917 2929 1004 2973 sub
1028 2927 1289 2987 lacrymosa
1311 2921 1470 2985 Trojae

612 2994 818 3051 Funera,
844 3009 903 3039 ne
930 2993 1073 3039 virilis
1669 2988 1729 3034 lu

285 3061 456 3111 Cultus
480 3062 530 3109 in
553 3061 732 3108 eaedem
756 3069 804 3106 et
827 3059 997 3120 Lycias
1020 3057 1277 3121 proriperet
1299 3053 1544 3104 catervas?
