1841 3349
381 426 459 500 Q.
528 422 1001 485 HORATII
1077 419 1486 482 FLACCI

575 642 1298 698 EPISTULARUM

663 839 838 878 LIBER
885 837 1208 878 SECUNDUS.

1108 1030 1332 1039 ,——-

738 1185 1076 1234 EPISTOLA
1100 1186 1138 1232 I.

750 1302 815 1332 AD
840 1301 1124 1333 AUGUSTUM.

181 1389 343 1440 QUUM
366 1396 432 1434 tot
456 1387 689 1433 sustineas
713 1394 760 1431 et
785 1394 914 1430 tanta
938 1384 1127 1445 negotia
1151 1384 1291 1442 solus,

182 1455 286 1502 Res
310 1454 452 1500 Italas
476 1452 618 1498 armis
641 1451 820 1507 tuteris,
844 1451 1048 1496 moribus
1073 1465 1228 1508 ornes,

183 1521 392 1582 Legibus
416 1519 658 1574 emendes,
684 1516 732 1561 in
758 1516 946 1577 publica
971 1516 1218 1561 commoda
1241 1530 1455 1576 peccem,

185 1587 238 1633 Si
261 1587 401 1647 longo
425 1599 640 1630 sermone
665 1598 816 1627 morer
841 1591 922 1627 tua
945 1590 1171 1642 tempora,
1197 1581 1371 1627 Caesar.

250 1651 504 1707 Romulus,
529 1658 576 1694 et
599 1648 740 1693 Liber
765 1657 911 1707 pater,
938 1656 984 1692 et
1008 1662 1118 1691 cum
1143 1646 1337 1693 Castore
1363 1646 1544 1707 Pollux,

184 1718 297 1764 Post
320 1716 532 1778 ingentia
557 1714 695 1770 facta,
721 1713 915 1758 deorum
940 1713 988 1758 in
1015 1713 1190 1773 templa
1213 1713 1405 1774 recepti,

183 1783 313 1830 Dum
337 1792 483 1828 terras
508 1779 845 1837 hominumque
872 1777 1033 1823 colunt
1057 1794 1222 1839 genus,
1249 1794 1412 1839 aspera
1436 1779 1558 1825 bella

185 1849 506 1910 Componunt,
532 1861 667 1907 agros
692 1844 948 1904 assignant,
973 1844 1143 1904 oppida
1167 1845 1393 1903 condunt,

186 1912 436 1961 Ploravere
461 1912 558 1957 suis
583 1927 679 1956 non
704 1910 986 1970 respondere
1013 1909 1214 1954 favorem

189 1981 438 2042 Speratum
462 1977 658 2023 meritis.
730 1975 894 2020 Diram
919 1975 998 2034 qui
1024 1975 1239 2021 contudit
1264 1976 1477 2036 hydram,

187 2045 413 2106 Notaque
438 2043 564 2090 fatali
588 2050 803 2103 portenta
828 2041 985 2086 labore
1011 2041 1211 2100 subegit,

189 2110 432 2172 Comperit
455 2109 679 2155 invidiam
705 2122 924 2168 supremo
947 2106 1040 2151 fine
1066 2106 1257 2152 domari.

187 2176 294 2223 Urit
318 2176 445 2222 enim
471 2174 648 2234 fulgore
674 2188 775 2229 suo,
800 2171 878 2231 qui
903 2180 1161 2231 praegravat
1186 2181 1309 2216 artes

190 2242 321 2287 Infra
344 2256 393 2286 se
417 2240 617 2301 positas:
655 2238 915 2283 exstinctus
941 2236 1171 2280 amabitur
1197 2237 1335 2281 idem.

189 2306 416 2353 Praesenti
441 2305 524 2351 tibi
549 2312 755 2349 maturos
781 2301 1003 2362 largimur
1031 2301 1244 2357 honoreS,

190 2371 520 2431 Jurandasque
545 2378 676 2415 tuum
702 2384 782 2429 per
807 2382 980 2413 nomen
1005 2366 1222 2427 ponimus
1247 2381 1365 2424 aras,

190 2435 275 2483 Nil
299 2437 527 2483 oriturum
554 2432 684 2491 alias,
710 2434 774 2478 nil
800 2443 952 2479 ortum
979 2432 1070 2477 tale
1097 2432 1308 2476 fatentes.

193 2503 290 2550 Sed
312 2511 420 2548 tuus
444 2501 522 2547 hic
545 2500 760 2561 populus,
787 2499 974 2560 sapiens
998 2506 1045 2543 et
1064 2497 1218 2558 justus
1242 2496 1291 2542 in
1315 2512 1427 2556 uno,

192 2568 268 2614 Te
293 2567 463 2615 nostris
489 2565 705 2623 ducibus,
731 2574 776 2610 te
800 2564 955 2609 Graiis
980 2562 1299 2620 anteferendo,

194 2633 379 2680 Caetera
403 2631 699 2693 nequaquam
725 2630 864 2676 simili
890 2629 1069 2675 ratione
1094 2628 1326 2688 modoque

195 2698 443 2753 AEstimat3
480 2706 542 2755 et,
568 2696 659 2742 nisi
682 2711 785 2756 quae
809 2695 944 2740 terris
969 2702 1147 2739 semota
1171 2693 1359 2753 suisque

195 2762 512 2822 Temporibus
537 2761 762 2807 defuncta
786 2761 926 2817 videt,
954 2759 1128 2805 fastidit
1151 2766 1198 2803 et
1222 2758 1346 2804 odit:

196 2828 279 2874 Sic
303 2827 452 2872 fautor
477 2836 702 2884 veterum,
727 2835 778 2871 ut
802 2825 984 2871 tabulas
1008 2838 1206 2886 peccare
1229 2831 1456 2882 vetantes,

195 2891 335 2942 Quas
358 2891 430 2936 bis
455 2891 659 2951 quinque
684 2891 768 2936 viri
794 2898 1064 2946 sanxerunt,
1092 2888 1268 2933 foedera
1289 2903 1454 2950 regum

197 2957 289 3004 Vel
312 2955 476 3003 Gabiis
500 2955 570 3000 vel
595 2971 704 3000 cum
729 2956 892 3016 rigidis
918 2963 1098 3014 aequata
1122 2954 1327 3013 Sabinis,

199 3021 482 3069 Pontificum
506 3020 664 3077 libros,
690 3036 869 3066 annosa
891 3019 1128 3066 volumina
1151 3028 1326 3078 vatum,

199 3086 401 3135 Dictitet
424 3085 614 3134 Albano
637 3083 802 3131 Musas
826 3085 875 3130 in
899 3093 1058 3131 monte
1082 3084 1276 3131 locutas.

1710 1976 1839 2022 10-

1711 2303 1768 2348 15
