1841 3349
657 123 990 163 CARMINUM
1018 123 1129 163 LIB.
1160 124 1194 162 Ι.

775 306 915 353 ODE
938 307 1080 354 VIII.

689 419 756 451 AD
781 420 1162 453 THALIARCHUM.

367 503 530 551 VmEs
555 510 607 549 ut
630 501 726 548 alta
751 511 842 548 stet
864 503 971 549 nive
996 504 1254 550 candidum

369 569 582 626 Soracte,
606 583 698 614 nec
713 567 811 629 jam
836 569 1101 614 sustineant
1123 584 1244 615 onus

436 634 576 681 Silvae
600 634 882 692 laborantes,
909 634 1111 695 geluque

501 699 724 744 Flumina
747 700 1045 745 constiterint
1069 708 1224 746 acuto.

366 765 583 813 Dissolve
609 764 769 825 frigus,
793 764 923 825 ligna
946 781 1084 826 super
1110 765 1218 812 foco

366 828 523 892 Large
550 846 808 891 reponens3
846 840 983 891 atque
1010 828 1265 891 benignius

431 897 667 957 Deprome
691 896 989 956 quadrimum
1016 896 1212 954 Sabina,

496 961 543 1007 O
569 961 874 1019 Thaliarche,
900 978 1082 1007 merum
1107 961 1250 1008 diota.

367 1028 592 1074 Permitte
617 1027 736 1072 divis
760 1035 956 1072 caetera:
994 1027 1073 1087 qui
1099 1026 1237 1073 simul

368 1091 588 1141 Stravere
613 1103 777 1138 ventos
803 1108 987 1152 aequore
1014 1093 1191 1139 fervido

432 1158 794 1218 Deproeliantes,
820 1173 910 1203 nec
935 1159 1161 1219 cupressi,

498 1223 606 1268 Nec
631 1231 811 1268 veteres
836 1224 1072 1284 agitantur
1097 1224 1214 1270 orni.

366 1289 503 1339 Quid
529 1288 588 1334 sit
613 1287 821 1333 futurum
847 1304 966 1347 cras,
994 1289 1102 1350 fuge
1128 1304 1364 1350 quaerere3
1400 1298 1449 1337 et

360 1355 529 1405 *Quem
554 1370 652 1400 sors
677 1354 860 1399 dierum
886 1370 1073 1415 cunque
1099 1356 1244 1414 dabit,
1269 1356 1403 1402 lucro

432 1421 663 1482 Appone:
701 1435 792 1465 nec
817 1420 981 1466 dulces
1006 1420 1260 1467 Camoenas

501 1487 682 1547 Sperne
707 1502 839 1547 puer,
865 1502 1017 1547 neque
1042 1496 1092 1533 tu
1118 1488 1316 1534 choreas
1331 1503 1343 1545 ;

360 1552 530 1600 Donec
549 1551 716 1598 virenti
740 1552 938 1598 canities
963 1553 1094 1599 abest

363 1617 569 1665 Morosa.
640 1617 789 1663 Nunc
813 1626 860 1663 et
884 1634 1096 1679 campus,
1123 1627 1170 1665 et
1193 1633 1334 1679 arete,

430 1684 680 1744 Lenesque
705 1683 793 1728 sub
817 1692 1004 1730 noctem
1030 1685 1225 1744 susurri,

498 1748 774 1812 Composita
797 1758 1068 1812 repetantur
1092 1749 1220 1798 hora.

793 2010 935 2057 oDE
958 2010 1050 2058 IX.
1258 2034 1359 2126 ll„
1390 2032 1393 2033 ν
1439 2007 1456 2013 ·”
1479 1988 1502 1997 ”

714 2123 781 2154 AD
805 2124 1124 2157 MERCURIUM.

363 2208 623 2265 MERcmu,
650 2207 855 2254 facunde
879 2225 1026 2270 nepos
1050 2208 1275 2270 Atlantis,

362 2275 467 2325 Qui
493 2275 614 2321 feros
638 2274 793 2320 cultus
818 2275 1063 2321 hominum
1087 2276 1334 2323 recentum

361 2340 496 2388 Voce
522 2340 731 2387 formasti
756 2349 905 2399 catus,
931 2350 978 2387 et
1003 2342 1187 2389 decorae

621 2405 763 2453 -More
787 2406 1043 2468 palaestrae3

363 2471 441 2518 Te
465 2488 651 2531 canam,
678 2473 837 2534 magni
865 2472 893 2517 J
898 2474 997 2521 ovis
1021 2481 1068 2519 et
1092 2473 1287 2519 deorum

362 2537 618 2597 Nuntium,
644 2554 892 2598 curvaeque
915 2539 1026 2599 lyrae
1051 2549 1321 2600 parentem;

364 2603 622 2660 Callidum,
647 2604 874 2663 quidquid
899 2604 1093 2664 placuit,
1113 2605 1278 2666 jocoso

626 2667 848 2713 Condere
874 2669 1009 2714 furto.

365 2732 459 2791 Te,
484 2733 626 2778 boves
649 2733 760 2778 olim
786 2732 875 2777 nisi
900 2733 1187 2780 reddidisses

366 2798 457 2845 Per
482 2798 641 2845 dolum
666 2807 861 2856 amotas,
886 2814 1084 2858 puerum
1109 2799 1286 2847 minaci

362 2864 497 2912 Voce
521 2865 634 2910 dum
658 2873 816 2921 terret,
842 2863 1010 2910 viduus
1033 2865 1252 2926 pharetra

627 2930 757 2976 Risit
781 2929 966 2991 Apollo.

344 2994 502 3045 ‘Quin
536 3005 584 3042 et
607 2996 817 3054 Atridas,
843 2996 966 3041 duce
989 3005 1052 3054 te,
1078 2996 1320 3060 superbOS,

365 3061 457 3108 Ilio
480 3061 610 3110 dives
633 3062 849 3109 Priamus
872 3061 1054 3123 relicto,

1693 1091 1755 1141 10

1693 1421 1755 1470 15

1686 2799 1749 2850 10
