1841 3349
585 130 998 173 EPISTOLARUM
1028 131 1137 169 LIB.
1169 131 1227 169 11.
1257 133 1297 170 2.

162 254 315 314 Idem,
343 252 489 300 finitis·
510 253 678 300 studiis
701 260 748 297 et
771 260 930 296 mente
956 250 1163 311 recepta,

161 321 397 368 Obturem
419 318 638 380 patulas
627 314 821 390 lmpune
849 315 1116 378 legentibus
1141 330 1291 360 aures.

229 386 468 433 Ridentur
493 383 615 429 mala
639 383 718 444 qui
743 392 1035 443 componunt
1059 381 1297 425 carmina:
1335 396 1497 427 verum

163 452 385 498 Gaudent
409 450 685 506 scribentes,
710 458 757 494 et
782 464 831 494 se
857 455 1156 503 venerantur,
1181 455 1228 491 et
1254 446 1389 505 ultro,

166 519 218 564 Si
242 527 415 573 taceaS,
441 515 654 573 laudant,
680 512 908 575 quidquid
934 511 1183 574 scripsere,
1212 512 1351 558 beati.

165 585 245 641 At,
271 582 349 642 qui
374 581 638 642 legitimum
663 581 822 641 cupiet
848 580 1014 625 fecisse
1041 582 1230 640 poema,

164 649 289 694 Cum
314 648 485 693 tabulis
511 648 721 693 animum
747 646 957 692 censoris
982 654 1137 690 sumet
1161 644 1374 700 honesti;

165 713 377 760 Audebit
400 729 694 774 quaecunque
718 728 883 773 parum
911 711 1172 772 splendoris
1198 711 1455 768 habebunt,

164 780 226 826 Et
251 780 353 825 sine
377 780 585 840 pondere
611 788 764 836 erunt,
791 787 836 823 et
862 779 1038 823 honore
1064 777 1261 837 indigna
1286 776 1510 835 ferentur,

165 847 326 892 Verba
350 861 536 891 movere
562 845 681 903 loco,
707 844 919 905 quamvis
944 843 1090 888 invita
1114 843 1355 901 recedant,

164 912 228 958 Et
251 920 496 957 versentur
522 912 678 956 adhuc
703 910 826 955 intra
849 909 1109 970 penetralia
1136 909 1308 954 Vestae.

164 978 432 1024 Obscurata
456 978 536 1023 diu
561 977 731 1038 populo
756 977 907 1022 bonus
932 985 1080 1032 eruet,
1107 985 1245 1035 atque

166 1044 379 1090 Proferet
403 1043 451 1088 in
477 1044 632 1088 lucem
659 1043 871 1103 speciosa
895 1042 1122 1087 vocabula
1148 1057 1321 1099 rerum,

165 1110 309 1167 Quae,
334 1109 499 1170 priscis
525 1117 782 1154 memorata
806 1108 1068 1153 Catonibus
1094 1116 1230 1167 atque
1256 1105 1499 1167 Cethegis,

166 1175 314 1222 Nunc
339 1174 456 1220 situs
481 1174 691 1220 informis
715 1174 884 1235 premit
907 1182 952 1219 et
978 1174 1162 1218 deserta
1188 1181 1391 1218 vetustas
1413 1188 1422 1217 z

167 1242 421 1287 Adsciscet
444 1257 580 1298 nova,
606 1256 711 1300 quae
736 1239 919 1300 genitor
944 1239 1215 1299 produxerit
1239 1255 1364 1284 usus.

165 1307 439 1354 Vehemens
458 1315 505 1352 et
528 1306 747 1366 liquidus,
773 1320 981 1366 puroque
1007 1305 1271 1349 simillimus
1298 1305 1441 1363 amni,

166 1373 357 1419 Fundet
379 1389 508 1434 opes,
535 1371 816 1431 Latiumque
843 1370 999 1415 beabit
1024 1371 1165 1415 divite
1189 1370 1367 1431 lingua.

167 1438 478 1485 Luxuriantia
501 1446 787 1498 compescet,
812 1437 952 1482 nimis
978 1448 1142 1497 aspera
1166 1453 1281 1483 sano

167 1506 362 1552 Levabit
387 1505 533 1562 cultu,
559 1505 727 1550 virtute
752 1504 962 1549 carentia
986 1503 1116 1548 tollet
1137 1519 1145 1548 :

167 1571 399 1618 Ludentis
424 1571 631 1632 speciem
656 1570 801 1627 dabit,
827 1579 874 1614 et
898 1570 1203 1629 torquebitur,
1230 1578 1280 1614 ut
1305 1569 1384 1630 qui

168 1637 315 1684 Nunc
342 1637 578 1697 Satyrum,
605 1651 735 1681 nunc
761 1644 993 1696 agrestem
1021 1634 1231 1695 Cyclopa
1257 1644 1481 1682 movetur.

234 1702 528 1749 Praetulerim
555 1702 750 1762 scriptor
776 1702 950 1747 delirus
976 1701 1195 1761 inersque
1221 1701 1383 1759 videri,

168 1770 296 1816 Dum
323 1785 429 1814 mea
453 1768 691 1814 delectent
715 1768 838 1813 mala
864 1784 954 1824 me,
982 1767 1051 1812 vel
1079 1767 1282 1828 denique
1308 1768 1513 1827 fallant„

166 1834 331 1886 Quam
358 1851 536 1896 sapere,
561 1844 608 1880 et
632 1834 768 1895 ringi.
840 1833 952 1879 Fuit.
977 1834 1102 1878 haud
1128 1834 1349 1894 ignobilis
1374 1834 1534 1897 Argis,

167 1902 270 1952 Qui
294 1917 342 1946 se
368 1901 591 1945 credebat
617 1900 756 1945 miros
784 1900 944 1944 audire
971 1900 1221 1960 tragoedos,

168 1967 228 2013 In
254 1982 403 2012 vacuo
428 1966 562 2011 laetus
587 1965 1038 2025 sessor'plausorque
1063 1966 1270 2022 theatr03

170 2033 354 2080 Caetera
379 2032 458 2093 qui
483 2032 586 2077 vitae
612 2041 816 2077 servaret
841 2032 1001 2076 munia
1026 2041 1154 2077 recto

170 2098 333 2153 More;
372 2099 522 2144 bonus
547 2095 662 2142 sane
688 2098 887 2155 vicinus,
914 2098 1128 2143 amabilis
1153 2098 1336 2159 hospes,

170 2164 333 2211 Comis
358 2164 406 2210 in
431 2179 654 2220 uxorem3
690 2174 847 2225 posset
871 2164 949 2224 qui
975 2164 1223 2225 ignoscere
1248 2164 1408 2223 servis,

170 2230 233 2277 Et
257 2231 390 2292 signo
414 2230 525 2276 Iaeso
550 2246 645 2276 non
672 2230 877 2276 insanire
902 2230 1109 2290 lagenae3

169 2297 334 2343 Posset
358 2297 437 2357 qui
462 2312 626 2358 rupem
653 2306 700 2342 et
723 2307 917 2357 puteum
944 2297 1088 2342 vitare
1112 2304 1368 2357 patentem.

170 2362 268 2409 Hic
292 2363 388 2421 ubi,
414 2373 723 2423 cognatorum
747 2363 915 2424 opibus
939 2363 1156 2423 curisque
1182 2363 1402 2422 refectus,

169 2428 363 2490 Expulit
387 2428 592 2474 elleboro
616 2429 831 2474 morbum
856 2429 1090 2488 bilemque
1115 2444 1320 2498 meraco,

170 2493 233 2539 Et
255 2494 377 2538 redit
400 2493 458 2537 ad
483 2509 611 2538 sese:
651 2493 804 2551 “Pol,
831 2510 905 2539 me
929 2487 1200 2551 occidistis,
1212 2494 1369 2552 amici,

171 2557 285 2607 Non
310 2557 574 2614 servastis,’'
602 2558 681 2615 ait,
725 2559 832 2603 ‘cui
857 2560 925 2604 sic
949 2568 1130 2604 extorta
1154 2559 1406 2645 voluptasg,

171 2623 234 2670 Et
257 2624 474 2684 demptus
496 2639 578 2683 per
603 2623 694 2667 vim
719 2624 890 2668 mentis
915 2624 1206 2683 gratissimus
1231 2625 1406 2670 error.'’

236 2687 479 2734 Nimirum
504 2703 666 2749 sapere
692 2697 763 2733 est
788 2689 982 2749 abjectis
1008 2689 1120 2734 utile
1145 2689 1301 2750 nugis,

172 2754 235 2801 Et
257 2754 584 2815 tempestivum
609 2754 767 2814 pueris
792 2755 1055 2799 concedere
1080 2754 1242 2799 ludum
1264 2771 1274 2811 3

172 2821 249 2866 Ac
273 2835 369 2865 non
393 2820 534 2865 verba
557 2819 688 2880 sequi
715 2819 885 2865 fidibus
911 2820 1197 2865 modulanda
1222 2820 1423 2881 Latinis,

174 2886 269 2933 Sed
294 2901 414 2931 verae
440 2901 753 2946 numerosque
778 2886 1031 2946 modosque
1058 2886 1269 2932 ediscere
1294 2887 1414 2933 vitae.

171 2951 418 3002 Quocirca
441 2966 631 2997 mecum
654 2951 814 3012 loquor
840 2952 959 3009 haec,
985 2952 1248 3012 tacitusque
1273 2953 1522 3001 recordor:

152 3019 204 3041 '“
232 3017 284 3062 Si
306 3016 391 3062 tibi
415 3016 546 3062 nulla
568 3016 693 3062 sitim
712 3017 866 3063 finiret
892 3017 1027 3078 copia
1050 3018 1269 3079 lymphae,

171 3080 404 3130 Narrares
425 3082 651 3130 medicis:
685 3081 816 3144 quod
839 3081 1015 3144 quanto
1042 3084 1177 3146 plura
1199 3083 1392 3146 parasti,

1654 129 1750 178 179

1656 312 1750 361 105

1660 641 1752 688 110

1661 971 1754 1019 115

1662 1301 1756 1349 120

1661 1637 1754 1685 125

1663 1967 1756 2015 130

1663 2297 1756 2344 135

1663 2595 1790 2672 1420v

1663 2951 1757 2999 145
