1841 3349
93 157 186 221 148
264 189 269 194 -
454 175 463 180 ‚
625 122 677 199 Qss
700 150 948 212 ,HORATII
977 147 1184 193 FLAcm

99 305 104 314 ·
151 274 318 337 Incipe
340 290 349 319 :
384 272 464 334 qui
487 268 615 318 recte
641 269 825 316 vivendi
852 277 1066 331 prorogat
1090 269 1268 325 horam,

152 340 383 386 Rusticus
406 346 646 398 exspectat
669 336 780 381 dum
806 334 981 381 defluat
1005 335 1181 390 amnis;
1220 342 1267 379 at
1292 330 1368 378 ille

152 406 363 463 Labitur,
388 414 435 450 et
458 403 638 449 labetur
663 403 711 447 in
734 417 874 446 omne
899 400 1116 459 volubilis
1142 415 1306 445 aevum.

215 471 458 521 Quaeritur
484 470 750 530 argentum,
770 466 1018 527 puerisque
1047 466 1181 510 beata
1203 461 1421 510 creandis

152 537 294 595 Uxor,
319 546 365 582 et
390 535 578 581 incultae
602 543 829 593 pacantur
855 530 1043 576 vomere
1064 528 1208 575 silv‘ae;

149 604 294 653 Quod
322 599 434 647 satis
458 610 529 645 est
552 598 630 644 cui
654 597 866 658 contigit,
895 597 970 641 hic
996 596 1109 640 nihil
1137 594 1336 656 amplius
1359 599 1499 654 optet.

152 669 262 720 Non
287 669 454 714 domus
477 675 523 711 et
548 664 736 719 funduS,
763 679 855 708 non
879 662 982 707 aeris
1007 676 1201 706 acervus
1227 669 1274 705 et
1297 658 1428 717 auri„v
1459 706 1463 707 ⁷

153 734 350 796 AEgroto
375 730 553 778 domini
578 728 773 774 deduxit
798 744 990 788 corpore
1016 727 1182 784 febres,
1202 753 1215 759 ⁷-
1246 737 1275 788 ξ
1420 716 1444 735 “”“’

154 799 262 847 Non
290 801 446 846 animo
470 812 618 842 curas.
690 794 856 840 Valeat
881 809 1115 854 possessor
1140 798 1337 853 oportet,

151 866 205 912 Si
229 864 532 926 comportatis
558 862 698 906 rebus
723 860 842 905 bene
868 860 1043 919 cogitat
1069 859 1146 903 uti.

149 930 252 980 Qui
278 931 406 991 cupit
431 938 510 974 aut
535 926 717 982 metuit,
739 926 868 985 juvat
892 924 1022 969 illum
1050 924 1117 968 sic
1142 924 1310 969 domus
1334 929 1381 966 et
1404 934 1497 976 res,

153 996 215 1043 Ut
239 997 416 1058 lippum
441 995 577 1056 pictae
602 991 789 1048 tabulae,
817 991 1021 1035 fomenta
1044 990 1316 1050 podagram,

154 1063 407 1108 Auriculas
433 1061 624 1106 citharae
651 1057 849 1102 collecta
875 1057 1009 1102 sorde
1043 1055 1269 1101 dolentes

154 1128 405 1174 sincerum
430 1137 500 1172 est
525 1124 615 1170 nisi
641 1139 735 1180 vas,
760 1124 1072 1183 quodcunque
1099 1120 1305 1166 infundis
1329 1116 1518 1164 acescit.

155 1195 336 1256 Sperne
363 1194 647 1253 voluptates:
686 1198 825 1234 nocet
848 1198 1005 1249 empta
1029 1187 1185 1232 dolore
1211 1187 1436 1246 voluptas.

155 1261 350 1321 Semper
376 1273 540 1304 avarus
565 1264 700 1317 eget3
739 1264 919 1300 certum
946 1263 1049 1299 voto
1073 1263 1178 1313 pete
1204 1251 1360 1297 finem.
1387 1292 1389 1295 .
1416 1271 1424 1275 ·

155 1326 350 1372 Invidus
376 1324 566 1370 alterius
591 1321 839 1366 macrescit
865 1319 1002 1366 rebus
1026 1318 1195 1380 opimis
1219 1333 1227 1362 ;

156 1391 341 1438 Invidia
369 1390 516 1436 Siculi
542 1404 636 1434 non
661 1385 885 1432 invenere
910 1384 1096 1446 tyranni

158 1457 314 1518 Majus
338 1464 636 1502 tormentum.
706 1452 807 1501 Qui
834 1468 927 1496 non
956 1449 1268 1496 moderabitur
1294 1448 1390 1504 irae,

157 1523 391 1569 Infectum
421 1522 539 1566 volet
563 1535 682 1574 esse,
708 1518 835 1563 dolor
861 1518 982 1577 quod
1009 1516 1204 1561 suaserit
1229 1524 1275 1559 et
1298 1528 1451 1570 mene,

155 1589 284 1635 Dum
309 1604 470 1649 poenas
493 1587 602 1632 odio
626 1599 706 1645 per
733 1584 821 1628 vim
850 1583 1036 1628 festinat
1061 1581 1223 1626 inulto.

158 1655 236 1701 Ira
261 1655 384 1700 furor
408 1653 561 1698 brevis
585 1662 682 1696 est:
721 1650 931 1695 animum
957 1663 1084 1708 rege,
1109 1647 1204 1707 qui,
1231 1645 1320 1690 nisi
1344 1651 1492 1705 paret,

159 1719 391 1781 Imperat:
431 1720 557 1764 hunc
584 1717 754 1772 fraenis,
781 1716 904 1760 hunc
930 1724 979 1760 tu
1005 1727 1252 1774 compesce
1278 1710 1461 1756 catena.

159 1786 322 1847 Fingit
346 1800 517 1846 equum
543 1782 705 1829 tenera
730 1781 930 1826 docilem
957 1778 1140 1824 cervice
1169 1777 1386 1837 magister

160 1851 236 1898 Ire
262 1853 382 1898 viam
408 1851 500 1911 qua
525 1856 751 1894 monstret
775 1862 932 1907 eques.
1003 1843 1281 1900 Venaticus‚
1306 1857 1365 1887 ex
1388 1855 1479 1901 quo

159 1918 399 1979 Tempore
425 1916 661 1962 cervinam
687 1913 855 1974 pellem
882 1911 1063 1956 latravit
1088 1910 1134 1954 in
1155 1909 1278 1965 aula,

162 1984 335 2030 Militat
360 1984 406 2029 in
433 1982 558 2027 silvis
583 1985 781 2025 catuius.
851 1978 997 2023 muno
1022 1976 1192 2021 adhibe
1216 1989 1334 2035 puro

159 2051 357 2096 Pectore
383 2049 535 2103 verba,
561 2062 703 2106 puer3
738 2059 870 2098 nunc
895 2053 941 2089 te
967 2041 1237 2088 melioribus
1259 2038 1387 2085 offer.

157 2115 274 2165 Quo
298 2114 440 2159 semel
461 2123 532 2158 est
558 2112 735 2156 imbuta
757 2125 941 2166 recens,
967 2107 1165 2153 servabit
1188 2106 1380 2152 odorem

145 2182 291 2228 Testa
315 2180 409 2224 diu.
479 2175 626 2227 Quod
654 2175 691 2221 si
717 2191 889 2231 cessas,
916 2184 995 2219 aut
1020 2184 1238 2218 strenuus
1263 2168 1431 2227 anteis,

162 2246 268 2295 Nec
293 2246 478 2291 tardum
501 2242 731 2304 opperior,
756 2256 847 2286 nec
871 2238 1247 2301 praecedentibus
1272 2237 1409 2281 insto.

685 2499 1021 2548 EPISTOLA
1056 2492 1152 2545 III.

657 2618 721 2647 AD
745 2615 925 2647 JULIUM
952 2611 1169 2645 FLORUM.

166 2705 278 2751 Jum
304 2704 459 2760 Flore,
484 2702 653 2763 quibus
678 2710 903 2746 terrarum
929 2697 1096 2742 militet
1118 2694 1211 2741 oris

166 2769 603 2828 CiaudiusAugusti
630 2766 885 2827 privignus,
911 2763 1030 2807 scire
1056 2761 1226 2805 laboro.

167 2835 420 2880 Thracane
449 2849 542 2888 vos,
571 2832 851 2890 Hebrusque
875 2828 1012 2873 nivali
1038 2824 1265 2885 compede
1290 2823 1491 2880 vinctus,

173 2901 248 2946 An
277 2899 391 2943 freta
416 2898 590 2951 vicinas
616 2897 735 2941 inter
761 2893 996 2940 currentia
1019 2902 1185 2947 turres,
1349 2887 1353 2890 ’

174 2966 251 3010 An
277 2964 475 3025 pingues
500 2962 627 3006 Asia:
653 2961 806 3020 campi
831 2959 1067 3016 collesque
1094 2955 1368 3012 morantur?

1665 524 1730 571 45

1665 851 1732 898 50

1672 1509 1737 1557 60

1710 2949 1743 2996 5

169 3030 305 3080 Quid
330 3027 536 3073 studiosa
559 3027 726 3071 cohors
750 3038 942 3084 operum
968 3021 1134 3067 struit?
1204 3019 1324 3065 Haec
1347 3031 1530 3079 quoque
1553 3029 1700 3062 curo:

171 3095 299 3146 Quis
322 3094 410 3140 sibi
433 3108 507 3140 res
529 3100 685 3154 gestas
710 3088 915 3150 Augusti
939 3087 1143 3133 scribere
1168 3085 1344 3131 sumit?
