1841 3349
135 171 203 221 98
683 170 734 216 Q.
766 169 1008 210 HORATII
1036 167 1219 211 FLACC
1224 171 1242 211 1

201 289 396 351 Urgeris
420 289 558 336 turba
583 289 764 335 circum
789 298 836 336 te
855 298 1024 347 stante,
1049 290 1282 352 miserque
1689 291 1784 342 135

201 355 462 416 Rumperis
485 364 534 401 et
555 355 713 414 latras,
739 371 1018 416 magnorum
1042 357 1244 402 maxime
1269 373 1448 419 regum.

198 420 277 467 Ne
301 421 495 483 longum
522 421 716 466 faciam:
754 421 867 466 dum
892 430 943 467 tu
966 422 1224 480 quadrante
1248 423 1453 469 lavatum

203 486 310 533 Rex
329 487 432 544 ibis,
458 503 611 547 neque
636 496 682 532 te
706 487 950 546 quisquam
976 486 1183 547 stipator,
1209 488 1420 549 ineptum

197 551 374 598 Praeter
399 552 688 612 Crispinum,
714 551 994 606 sectabitur3
1033 561 1079 596 et
1104 552 1218 597 mihi
1242 552 1408 600 dulces

197 615 474 679 Ignoscent,
501 617 539 662 si
563 617 677 677 quid
701 631 962 677 peccavero
986 617 1171 674 stultus,
1197 619 1365 675 amici;
1688 619 1782 667 140

197 682 348 744 Inque
374 683 523 728 vicem
549 682 734 728 illorum
756 682 904 742 patiar
929 681 1103 727 delicta
1125 682 1341 742 libenter,

196 747 503 810 Privatusque
527 745 680 810 magis
703 747 854 793 vivam
880 756 924 793 te
950 763 1061 808 rege
1088 748 1264 794 beatus.

771 1043 1032 1090 SATIRA
1069 1044 1183 1091 IV.

196 1143 413 1191 EUPOLIS
439 1152 576 1204 atque
602 1143 826 1189 Cratinus
851 1144 1303 1216 Aristophanesque,
1327 1147 1497 1206 poetae,

197 1211 356 1283 Atque
382 1210 458 1256 alii
483 1225 680 1270 quorum
706 1210 940 1255 comoedia
961 1210 1117 1270 prisca
1140 1210 1341 1255 virorum
1366 1220 1452 1270 est,

198 1276 251 1322 Si
275 1277 378 1337 quis
401 1285 501 1321 erat
524 1276 697 1337 dignus
721 1275 942 1333 describi,
967 1273 1093 1348 quod
1118 1276 1283 1333 malus,
1320 1286 1400 1322 aut
1424 1277 1514 1335 fur,

195 1340 347 1391 Quod
372 1342 586 1387 moechus
611 1342 744 1399 foret,
771 1351 851 1386 aut
875 1341 1087 1399 sicarius,
1115 1351 1194 1387 aut
1217 1341 1388 1402 alioqui

197 1407 446 1464 Famosus,
472 1407 618 1452 multa
645 1422 753 1452 cum
780 1406 992 1452 libertate
1017 1407 1256 1453 notabant.
1749 1409 1783 1456 5

198 1472 331 1518 Hinc
354 1473 507 1519 omnis
531 1473 703 1533 pendet
731 1472 958 1530 Lucilius,
985 1472 1127 1518 hosce
1152 1481 1391 1533 sequutus,

198 1537 396 1584 Mutatis
419 1537 603 1584 tantum
628 1538 828 1599 pedibus
852 1539 1177 1598 numerisque3
1216 1539 1412 1597 facetus,

199 1603 449 1650 Emunctae
475 1603 618 1660 naris,
643 1605 790 1649 durus
814 1619 1096 1664 componere
1121 1619 1294 1649 versus.

199 1669 327 1716 Nam
353 1670 438 1716 fuit
463 1670 553 1716 hoc
578 1670 796 1725 vitiosus3
835 1670 883 1715 in
910 1670 1025 1715 hora
1051 1666 1175 1731 saepe
1202 1670 1450 1728 ducentos,

199 1735 263 1782 Ut
286 1751 528 1797 magnum,
554 1751 715 1780 versus
739 1735 962 1792 dictabat,
989 1744 1116 1780 stans
1140 1736 1260 1796 pede
1285 1738 1334 1781 in
1360 1751 1467 1782 uno.
1724 1737 1783 1785 10

197 1801 365 1851 Quum
391 1801 557 1847 flueret
582 1801 855 1858 lutulentus,
880 1809 979 1846 erat
998 1801 1123 1861 quod
1146 1801 1307 1846 tollere
1333 1801 1499 1847 velles:

199 1867 444 1924 Garrulus,
471 1876 608 1927 atque
633 1866 765 1928 piger
790 1866 1027 1913 scribendi
1054 1866 1172 1911 ferre
1198 1867 1421 1925 laborem,

201 1933 452 1979 Scribendi
477 1930 605 1978 recte
627 1949 636 1988 3
675 1948 784 1978 nam
809 1941 860 1978 ut
884 1930 1102 1989 multum,
1128 1932 1193 1977 nil
1219 1948 1384 1978 moror.
1454 1931 1600 1992 Ecce,

201 1998 449 2059 Crispinus
474 1998 670 2044 minimo
695 2014 770 2043 me
794 1998 1297 2059 provocat.—Accipe,
1323 1998 1361 2043 si
1386 1998 1470 2056 vis,

200 2064 385 2124 Accipe
408 2064 502 2124 jam
528 2064 738 2118 tabulas;
777 2064 911 2109 detur
937 2063 1072 2110 nobis
1094 2063 1242 2121 locus,
1268 2064 1396 2121 hora,
1725 2064 1781 2110 15

201 2129 464 2184 Custodes,
501 2129 745 2174 rideamus
770 2138 871 2173 uter
895 2128 1000 2188 plus
1019 2128 1223 2173 scribere
1248 2129 1405 2188 possit.
1409 2155 1462 2163 —

199 2193 266 2240 D1
291 2195 412 2239 bene
438 2194 668 2252 fecerunt,
695 2194 848 2254 inopis
873 2209 948 2238 me
972 2191 1193 2253 quodque
1217 2193 1373 2254 pusilli

201 2258 466 2305 Finxerunt
491 2259 652 2316 animi,
679 2256 784 2304 raro
809 2268 856 2304 et
879 2274 1113 2318 perpauca
1137 2258 1395 2318 loquentis:

202 2325 270 2371 At
292 2333 343 2370 tu
368 2324 615 2370 conclusas
640 2323 835 2369 hircinis
860 2323 1046 2369 follibus
1071 2340 1222 2381 auras,

200 2389 361 2450 Usque
385 2390 665 2447 laborantes,
692 2390 804 2434 dum
832 2388 1003 2434 ferrum
1029 2389 1240 2435 molliat
1231 2389 1369 2450 ignis,
1716 2391 1782 2438 20

200 2455 265 2503 Ut
289 2455 451 2512 mavis,
477 2454 658 2501 imitare
779 2454 954 2500 Beatus
979 2453 1209 2512 Fannius,
1235 2455 1355 2501 ultro

200 2520 385 2567 Delatis
409 2521 561 2581 capsis
586 2530 632 2566 et
657 2520 886 2581 imagine!
924 2535 1067 2580 quum
1092 2536 1197 2565 mea
1221 2535 1361 2566 nemo

203 2587 390 2648 Scripta
413 2586 553 2646 legat,
577 2586 717 2647 vulgo
742 2585 939 2630 recitare
963 2586 1188 2644 timentiS,
1212 2586 1272 2632 ob
1297 2586 1421 2632 hanc
1444 2601 1560 2645 rem,

200 2650 350 2701 Quod
376 2661 500 2708 sunt,
524 2668 638 2712 quos
662 2667 812 2713 genus
837 2652 925 2697 hoc
950 2649 1145 2696 minime
1166 2651 1311 2712 juvat,
1337 2661 1497 2714 utpote
1520 2651 1677 2714 plures

202 2716 395 2776 Culpari
421 2717 602 2778 dignos
660 2717 894 2766 Quemvis
919 2717 1076 2762 media
1100 2732 1211 2762 erue
1235 2717 1400 2763 turba:
1713 2717 1780 2765 25

203 2781 304 2826 Aut
327 2782 388 2827 ob
413 2783 668 2840 avaritiam,
687 2791 766 2828 aut
785 2782 956 2828 misera
980 2781 1233 2828 ambitione
1258 2781 1449 2829 laborat.

201 2845 351 2892 Hunc
374 2848 499 2907 capit
523 2848 703 2908 argenti
728 2848 973 2908 splendor3
1012 2855 1164 2907 stupet
1189 2845 1359 2892 Albius
1384 2863 1502 2894 aere:

204 2909 302 2956 Hic
325 2920 474 2956 mutat
500 2927 680 2958 merces
705 2922 926 2985 surgente
951 2928 979 2958 a
1002 2911 1098 2958 sole
1123 2912 1182 2956 ad
1206 2927 1315 2957 eum
1339 2928 1431 2974 quo

204 2976 487 3038 Vespertina
508 2986 636 3036 tepet
659 2978 811 3037 regio3
847 2978 960 3038 quin
984 2992 1065 3038 per
1090 2977 1213 3022 mala
1235 2992 1443 3040 praeceps

205 3040 391 3100 Fertur,
417 3039 484 3087 uti
508 3041 657 3102 pulvis
681 3042 905 3087 collectus
929 3041 1132 3100 turbine,
1159 3035 1219 3088 rie
1243 3043 1355 3103 quid
1712 3041 1778 3088 30

204 3105 403 3154 Summa
427 3107 651 3169 deperdat
673 3115 904 3166 metuenS,
929 3115 1010 3154 aut
1033 3107 1222 3169 ampliet
1245 3116 1297 3154 ut
1318 3122 1437 3155 rem.
