1841 3349
581 201 812 241 EPODON
844 201 1030 241 LIBER.

237 320 432 368 Unxere
457 331 629 367 matres
654 321 756 367 Iliae
781 321 1025 366 addictum
1051 321 1161 368 feris

236 388 444 434 Alitibus
469 396 606 448 atque
632 386 830 433 canibus
855 387 1142 433 homicidam
1168 386 1445 447 Hectorem,

238 453 493 514 Postquam
518 454 696 499 relictis
723 453 959 498 moenibus
983 469 1067 499 rex
1101 453 1322 514 procidit,

235 519 373 565 Heu!
411 519 672 580 pervicacis
698 520 756 565 ad
781 519 926 579 pedes
953 519 1178 565 Achillei.

236 585 404 631 Setosa
428 586 558 630 duris
583 584 760 631 exuere
785 585 987 645 pellibus

234 650 480 697 Laboriosi
504 652 707 712 remiges
732 651 938 710 Ulyssei'‚

232 716 435 763 Volente
461 717 617 774 Circe,
644 718 880 772 membra3
919 725 1034 762 tunc
1058 733 1209 776 mens,
1235 726 1283 763 et
1306 731 1451 764 sonus

234 782 489 845 RelapsuS,
511 792 648 843 atque
675 791 813 828 notus
838 783 886 827 in
912 783 1065 827 vultus
1090 784 1252 830 honor.

236 849 362 896 Dedi
383 847 497 895 satis
522 846 759 909 superque
786 863 1033 910 poenarum
1059 849 1160 907 tibi,

235 916 410 962 Amata
433 915 589 960 nautis
614 913 818 960 multum
843 923 890 961 et
916 914 1221 960 institoribus.

237 981 382 1043 Fugit
402 982 635 1042 juventas,
662 990 708 1026 et
733 981 1031 1026 verecundus
1056 981 1183 1027 color

235 1048 450 1108 Reliquit
473 1063 579 1092 ossa
602 1046 725 1107 pelle
751 1047 925 1092 amicta
948 1046 1102 1092 lurida
1124 1063 1135 1103 3

233 1115 358 1161 Tuis
383 1113 578 1174 capillus
604 1113 737 1157 albus
762 1122 832 1158 est
856 1112 1091 1158 odoribus.

234 1180 434 1226 Nullum
459 1195 486 1224 a
508 1179 667 1224 labore
694 1194 769 1223 me
794 1178 993 1224 reclinat
1016 1179 1192 1224 otium:

234 1246 384 1307 Urget
408 1245 533 1290 diem
560 1260 668 1301 nox,
694 1254 741 1290 et
765 1245 866 1290 dies
891 1254 1104 1301 nocte1n;
1142 1259 1295 1305 neque
1321 1252 1392 1290 est

233 1313 414 1358 Levare
439 1319 569 1356 tenta
595 1310 759 1371 spiritu
782 1311 1054 1371 praecordia.

237 1378 365 1439 Ergo
391 1387 616 1438 negatum
641 1377 803 1422 vincor
828 1386 880 1423 ut
904 1377 1096 1422 credam
1120 1375 1278 1433 miser,

236 1444 426 1491 Sabella
448 1452 614 1505 pectus
639 1443 885 1504 increpare
911 1443 1138 1500 carmina,

235 1511 483 1571 Caputque
510 1508 670 1554 Marsa
696 1509 898 1555 dissilire
923 1509 1094 1554 naenia.

231 1577 369 1626 Quid
395 1574 595 1637 amplius
619 1575 721 1620 vis?
770 1575 816 1620 O
842 1591 970 1621 mare
990 1584 1036 1620 et
1054 1576 1199 1620 terra!
1239 1573 1397 1632 ardeo,

233 1640 488 1692 Quantum
516 1656 668 1701 neque
694 1650 794 1686 atro
819 1641 1056 1686 delibutus
1082 1640 1319 1686 Hercules

236 1707 380 1754 Nessi
401 1723 582 1765 cruore,
608 1723 699 1752 nec
725 1707 901 1752 Sicana
927 1707 1105 1752 fervida

236 1773 391 1820 Urens
416 1774 464 1819 in
490 1773 638 1818 AEltna
665 1772 866 1818 flamma.
923 1772 1020 1831 Tu,
1047 1773 1201 1818 donec
1225 1771 1349 1817 cinis

236 1839 482 1902 Injuriosis
508 1839 667 1884 aridus
692 1838 843 1884 ventis
869 1838 1005 1897 ferar,

234 1905 378 1953 Cales
402 1905 598 1951 venenis
621 1904 812 1950 officina
836 1904 1091 1950 Colchicis.

234 1971 364 2021 Quae
390 1971 530 2016 finis?
561 1975 647 2015 ’aut
670 1971 795 2030 quod
820 1986 895 2014 me
922 1978 1082 2015 manet
1107 1968 1434 2030 stipendium?

238 2037 424 2082 Effare:
458 2037 613 2098 jussas
638 2051 748 2080 cum
773 2036 865 2081 fide
889 2051 1054 2096 poenas
1078 2036 1222 2093 luam,

237 2103 434 2149 Paratus
458 2103 662 2163 expiare,
689 2117 773 2147 seu
791 2102 1062 2162 poposceris

235 2169 443 2215 Centum
464 2168 708 2229 juvencOS,
735 2168 830 2213 sive
856 2167 1076 2213 mendaci
1095 2167 1197 2229 lyra

236 2235 381 2281 Voles
406 2235 587 2290 sonari3
625 2243 675 2279 tu
700 2234 889 2294 pudica,
914 2242 965 2279 tu
989 2234 1150 2295 proba,

236 2300 592 2347 Perambulabis
616 2308 739 2345 astra
763 2300 894 2345 sidus
919 2315 1130 2345 aureum.

236 2366 435 2412 Infamis
461 2366 662 2412 Helenae
688 2366 856 2411 Castor
881 2365 1089 2411 offensus
1110 2366 1228 2424 vice,

237 2431 500 2493 Fraterque
525 2432 685 2493 magni
711 2431 937 2489 Castoris,
963 2432 1073 2478 victi
1096 2448 1254 2493 prece,

238 2498 478 2558 Adempta
502 2499 594 2543 vati
619 2497 869 2543 reddidere
894 2498 1088 2543 lumina.

238 2563 301 2608 Et
323 2573 390 2619 tn,
415 2572 548 2623 potes
568 2579 695 2620 nam,
722 2564 848 2609 solve
873 2580 949 2609 me
975 2564 1233 2622 dementia,

239 2628 286 2673 O
311 2643 402 2673 nec
420 2628 629 2688 paternis
652 2629 863 2673 obsoleta
886 2630 1118 2686 sordibus,

237 2692 346 2739 Nec
372 2693 421 2738 in
448 2692 674 2752 sepulcris
698 2709 956 2752 pauperum
982 2695 1190 2753 prudens
1215 2709 1333 2739 anus

239 2757 561 2804 Novendiales
586 2758 814 2818 dissipare
839 2759 1068 2818 pulveres.

236 2823 352 2869 Tibi
378 2823 605 2884 hospitale
628 2832 795 2884 pectus
819 2833 866 2869 et
887 2839 1016 2885 purae
1041 2839 1226 2870 manus.

704 2948 904 2974 CANIDIA.

233 3022 371 3072 Quid
394 3021 620 3067 obseratis
644 3022 835 3067 auribus
859 3021 1017 3066 fundis
1039 3023 1238 3082 preces?

239 3087 354 3134 Non
379 3102 490 3132 saxa
513 3087 653 3132 nudis
677 3087 890 3132 surdiora
915 3087 1084 3132 navitis

238 3153 494 3216 Neptunus
519 3152 612 3199 alto
635 3153 792 3199 tundit
816 3152 1042 3199 hibernus
1067 3153 1179 3199 salo.

1565 204 1631 253 87

1580 584 1633 629 15

1574 914 1638 960 20

1573 1243 1638 1290 25

1491 1903 1636 1950 ·35

1570 2233 1635 2279 40

1569 2561 1634 2608 45

1567 3021 1633 3066 50
