1841 3349
626 159 678 206 Q.
708 156 951 199 HORATII
981 154 1187 196 FLACCI

341 279 483 326 Rava
498 279 763 326 decurrens
778 276 896 337 ,lupa
920 273 1187 332 Lanuvino,

596 391 599 393 ,
738 341 965 401 Foetaque
989 339 1180 400 vulpes:

346 409 561 472 Rumpat
578 416 630 454 et
653 422 846 468 serpens
870 407 956 451 iter
982 405 1265 461 institutum,

347 476 398 522 Si
421 491 505 537 per
528 474 771 534 obliquum
797 471 961 517 similis
986 470 1166 530 sagittae

347 540 545 590 Terruit
568 553 781 584 mannos.
854 535 957 596 Ego
981 535 1058 579 cui
1078 533 1269 590 timebo,

742 601 971 646 Providus
996 614 1187 658 auspex,

349 671 619 731 Antequam
645 675 822 713 stantes
845 672 1025 726 repetat
1043 663 1239 724 paludes

346 736 575 782 Imbrium
602 733 761 779 divina
785 731 881 776 avis
907 728 1254 785 imminentsim,

347 802 578 849 Oscinem
602 813 792 845 corvum
817 812 957 858 prece
983 794 1220 840 suscitabo

743 863 865 910 Solis
890 862 948 906 ab
971 870 1090 906 ortu.

350 932 427 979 Sis
450 933 562 978 licet
586 930 697 976 felix
720 929 990 986 ubicunque
1014 925 1178 983 mavis,

301 1055 307 1062 Κ
348 998 412 1045 Et
435 1012 613 1043 memor
639 994 799 1051 nost-ri,
819 992 1033 1048 Galatea,
1055 991 1207 1035 vivas:

349 1063 519 1124 Teque
543 1076 634 1107 nec
658 1060 800 1105 laevus
825 1066 948 1103 vetet
972 1057 1038 1102 ire
1062 1056 1214 1117 picus,

743 1123 850 1170 Nec
874 1138 992 1183 vaga
1015 1121 1194 1168 cornix.

351 1194 448 1241 Sed
472 1193 602 1238 vides
625 1200 800 1252 quanto
826 1189 1027 1250 trepidet
1050 1186 1254 1233 tumultu

349 1259 534 1306 Pronus
558 1257 723 1304 Orion.
794 1255 898 1316 Ego
921 1254 1032 1315 quid
1057 1253 1117 1298 sit
1140 1261 1239 1298 ater

352 1325 547 1372 Hadriae
572 1324 680 1370 novi
705 1322 836 1368 sinus
860 1330 906 1366 et
929 1320 1040 1380 quid
1061 1319 1197 1364 albus

747 1387 920 1432 Peccet
946 1384 1106 1446 Iapyx.

353 1456 576 1503 Hostium
601 1469 769 1500 uxores
792 1451 1016 1513 puerique
1042 1465 1194 1495 caecos

354 1522 572 1569 Sentiant
596 1528 750 1565 motus
773 1517 966 1563 orientis
991 1514 1171 1571 Austri,
1198 1521 1245 1558 et

355 1587 578 1649 AEquoris
602 1584 726 1646 nigri
751 1583 1004 1638 fremitum,
1030 1590 1076 1626 et
1099 1586 1354 1626 trementes

746 1648 957 1694 Verbere
983 1646 1132 1707 ripas!

357 1719 439 1765 Sic
464 1726 511 1764 et
533 1716 724 1778 Europe
749 1714 938 1760 niveum
965 1713 1124 1758 doloso

355 1783 573 1831 Credidit
596 1791 730 1828 tauro
754 1779 891 1836 latus,
917 1787 963 1823 et
988 1784 1248 1822 scatentem

355 1849 534 1897 Belluis
557 1857 752 1909 pontum
779 1844 1050 1903 mediasque
1077 1841 1264 1887 fraudes

752 1909 925 1956 Palluit
949 1909 1116 1954 audax.
1346 1957 1349 1961 .

357 1979 524 2042 Nuper
549 1979 597 2026 in
621 1976 766 2039 pratis
790 1975 1001 2021 studiosa
1027 1972 1210 2030 florum,
1233 1979 1283 2018 et

356 2047 542 2093 Debitae
568 2042 804 2104 Nymphis
827 2041 983 2101 opifex
1002 2046 1204 2095 coronae,

358 2112 515 2158 Nocte
541 2108 763 2155 sublustri
790 2107 906 2151 nihil
933 2114 1056 2150 astra
1079 2112 1247 2164 praeter

753 2172 887 2217 Vidit
915 2179 961 2216 et
985 2170 1148 2215 undas.

356 2242 483 2292 Quae
508 2240 645 2286 simul
671 2246 863 2284 centum
889 2236 1042 2296 tetigit
1065 2242 1303 2296 potentem

358 2307 560 2369 oppidis
585 2305 777 2359 Creten,
805 2307 831 2326 “
847 2303 1001 2358 Pater,
1026 2317 1054 2346 o
1078 2301 1296 2345 relictum

361 2374 494 2420 Filiae
521 2387 712 2429 nomen,
736 2368 1023 2430 pietasque?
1053 2366 1184 2423 dixit,

756 2438 784 2457 “
801 2434 943 2479 Victa
968 2432 1121 2477 furore
1140 2432 1148 2475 ἱ

361 2503 534 2552 Unde?
570 2498 663 2563 quo
689 2500 828 2545 veni?
865 2498 1004 2544 Levis
1029 2512 1125 2541 una
1149 2511 1272 2541 mors
1297 2503 1368 2541 est

362 2570 614 2630 Virginum
639 2566 802 2626 culpae.
873 2563 1150 2624 Vigilansne
1176 2563 1306 2622 ploro

364 2635 529 2697 Turpe
554 2631 890 2680 commissum?
928 2645 987 2674 an
1013 2628 1136 2674 vitiis
1161 2634 1402 2673 carentem

759 2696 903 2742 Ludit
935 2695 1090 2755 imago
1333 2695 1337 2699 ’

364 2765 519 2823 Vana,
546 2779 649 2825 quae
673 2762 806 2824 porta
832 2761 1017 2821 fugiens
1041 2757 1221 2804 eburna

364 2831 614 2878 Somnium
642 2828 801 2873 ducit?
873 2822 1108 2872 Meliusne
1136 2821 1306 2866 fluctus

368 2895 444 2942 Ire
468 2911 549 2956 per
575 2895 738 2954 longos
764 2892 864 2948 fuit,
891 2906 950 2936 an
975 2896 1190 2934 recentes

716 3008 723 3013 ,
761 2957 967 3016 Carpere
992 2952 1161 2998 flores?

371 3024 424 3072 Si
447 3024 551 3085 quis
576 3022 796 3068 infamem
821 3020 936 3065 mihi
962 3033 1090 3065 nunc
1110 3018 1369 3078 juvencum

370 3089 528 3137 Dedat
549 3086 704 3135 iratae!
742 3086 948 3132 lacerare
974 3084 1111 3141 ferro,
1134 3091 1183 3129 et

1673 723 1732 770 10

1675 1049 1734 1096 15

1606 1376 1737 1424 ·20

1676 2033 1742 2080 30

1680 2687 1746 2734 40
