1841 3349
643 191 694 236 Q.
725 190 967 230 HORATII
996 190 1202 230 FLACCI

494 308 710 371 Tempus
734 309 1004 356 Amazonia
1029 308 1183 354 securi

363 374 565 421 Dextras
587 376 813 432 obarmet‚
838 390 1044 435 quaerere
1068 373 1227 419 distuli

365 438 497 503 (Nec
522 440 642 485 scire
669 440 736 485 fas
762 450 832 486 est
855 441 1037 501 omnia)
1059 455 1067 484 :
1105 439 1188 484 sed
1212 438 1293 484 diu

429 503 641 565 Lateque
667 505 882 550 victrices
906 514 1120 561 catervae,

495 570 719 615 Consiliis
739 570 924 630 juvenis
949 569 1151 624 revictae,

362 634 568 681 Sensere
592 635 703 694 quid
728 650 862 679 mens
886 631 992 690 rite,
1018 633 1129 692 quid
1156 631 1354 690 indoles,

363 700 555 746 Nutrita
580 699 741 744 faustis
766 699 852 744 sub
876 698 1209 759 penetralibus,

428 765 607 822 Posset,
632 765 744 824 quid
770 764 976 825 Augusti
1001 773 1223 824 paternus

492 830 550 875 In
574 846 743 891 pueros
768 830 952 875 animus
978 829 1208 874 Nerones.

363 895 528 942 Fortes
553 905 771 940 creantur
797 895 1019 949 fortibus;
1056 903 1102 938 et
1127 893 1262 938 bonis

361 961 448 1007 Est
472 961 518 1006 in
539 961 770 1021 juvencis,
795 969 864 1003 est
890 960 935 1003 in
961 959 1107 1018 equis,
1133 968 1317 1018 patrum

428 1026 620 1071 Virtus:
657 1040 746 1070 nec
772 1024 1007 1069 imbellem
1031 1023 1208 1068 seroces

496 1091 817 1152 Progenerant
842 1090 1006 1149 aquilae
1032 1088 1312 1133 columbam.

364 1157 594 1203 Doctrina
619 1157 701 1201 sed
728 1156 818 1200 vim
844 1164 1081 1216 promovet
1105 1154 1310 1211 insitam,

363 1223 600 1283 Rectique
626 1222 779 1267 cultus
803 1230 992 1281 pectora
1014 1220 1258 1265 roborant:

430 1287 683 1347 Utcunque
710 1285 928 1331 defecere
955 1302 1122 1342 mores,

496 1353 783 1398 Indecorant
809 1352 926 1396 bene
953 1361 1060 1396 nata
1085 1350 1249 1410 culpae.

361 1417 499 1468 Quid
525 1419 713 1474 debeas,
738 1434 765 1462 o
791 1417 965 1473 Roma,
992 1415 1283 1473 Neronibus,

362 1483 525 1530 Testis
551 1483 820 1528 Metaurum
849 1481 1040 1538 flumen,
1066 1491 1111 1526 et
1137 1479 1406 1526 Hasdrubal

429 1548 675 1606 Devictus,
701 1558 746 1593 et
769 1548 964 1608 pulcher
991 1547 1161 1607 fugatis

499 1613 584 1659 Ille
610 1614 711 1659 dies
736 1613 871 1658 Latio
895 1612 1118 1669 tenebris,

363 1678 468 1729 Qui
490 1680 669 1740 primus
693 1679 814 1724 alma
839 1678 938 1723 risit
962 1677 1149 1734 adorea,

364 1744 509 1790 Dirus
533 1761 613 1805 per
638 1745 778 1789 urbes
805 1743 919 1787 Afer
945 1752 995 1786 ut
1020 1741 1178 1798 Italas,

432 1809 538 1855 Ceu
564 1809 751 1854 flamma
773 1824 855 1868 per
881 1807 1042 1863 taedas,
1069 1806 1138 1851 vel
1165 1805 1322 1851 Eurus

501 1875 590 1920 Per
617 1875 802 1919 Siculas
826 1872 1050 1932 equitavit
1074 1871 1239 1915 undas.

367 1941 480 1987 Post
503 1941 591 1986 hoc
616 1938 838 1984 secundis
863 1953 1009 1997 usque
1034 1936 1271 1982 laboribus

369 2006 594 2053 Romana
618 2005 766 2066 pubes
791 2003 952 2059 crevit,
979 2012 1025 2047 et
1050 2002 1192 2062 impio

435 2072 631 2116 Vastata
657 2070 910 2114 Poenorum
935 2067 1138 2112 tumultu

500 2135 632 2180 Fana
657 2135 770 2179 deos
796 2131 1002 2177 habuere
1027 2140 1191 2176 rectos

368 2201 593 2260 Dixitque
628 2200 817 2245 tandem
843 2197 1047 2259 perfidus
1073 2195 1340 2240 Hannibal:

369 2269 398 2291 “
424 2266 580 2322 Cervi,
606 2265 819 2326 luporum
847 2263 1004 2323 praeda
1029 2261 1287 2321 rapacium,

436 2332 684 2377 Sectamur
710 2330 829 2373 ultro
853 2344 966 2387 quos
990 2327 1174 2387 opimus

504 2396 685 2441 Fallere
712 2404 757 2440 et
781 2394 989 2453 effugere
1015 2402 1084 2437 est
1109 2391 1387 2452 triumphus.

367 2462 517 2519 Gens,
542 2477 643 2521 qua}
670 2469 875 2505 cremato
901 2458 1028 2503 fortis
1053 2457 1110 2501 ab
1136 2456 1240 2513 Ilio,

369 2527 556 2574 Jactata
580 2526 755 2571 Tuscis
781 2523 1044 2584 aequoribus
1070 2538 1218 2578 sacra,

436 2593 483 2638 Ν
489 2602 695 2652 mosque,
722 2600 1019 2648 maturosque
1044 2597 1214 2648 patres,

502 2657 700 2703 Pertulit
726 2655 963 2700 Ausonias
988 2653 1046 2697 ad
1071 2653 1226 2710 urbes,

370 2723 514 2769 Duris
539 2733 590 2768 ut
615 2723 704 2767 ilex
729 2731 863 2766 tonsa
888 2718 1172 2779 bipennibus

371 2788 532 2848 Nigrae
559 2788 700 2832 feraci
727 2785 902 2831 frondis
928 2785 974 2829 in
1001 2782 1192 2842 Algido,

437 2853 526 2897 Per
548 2853 735 2907 damna,
762 2867 841 2911 per
867 2850 1036 2904 caedeS‚
1063 2847 1120 2892 ab
1146 2847 1245 2906 ipso

503 2917 648 2961 Ducit
671 2932 783 2976 opes
808 2915 1107 2972 animumque
1134 2911 1267 2956 ferro.

372 2980 486 3030 Non'
509 2981 674 3041 Hydra
698 2989 824 3024 secto
849 2993 1040 3038 corpore
1065 2976 1237 3021 firmior

372 3048 515 3095 Vinci
541 3046 776 3091 dolentem
803 3043 946 3088 crevit
973 3043 1017 3086 in
1046 3041 1333 3097 Herculem3

439 3112 761 3157 Monstrumve
787 3105 1044 3153 submisere
1070 3106 1238 3151 Colchi

506 3175 678 3238 Majus,
703 3173 1003 3219 Echioniaeve
1028 3170 1224 3217 Thebae.

1690 1609 1751 1659 40
