1841 3349
544 212 956 254 EPISTOLARUM
984 215 1094 256 LIB.
1125 217 1159 257 Ι.
1189 220 1226 258 2.
1614 223 1706 273 147

657 396 998 446 EPISTOLA
1033 399 1101 447 II.

717 512 784 543 AD
810 513 1029 546 LOLLIUM

119 593 345 640 TROJANI
371 593 481 640 belli
506 595 798 656 scriptorem,
824 598 1028 644 maxime
1053 598 1192 659 Lolli,

116 659 245 705 Dum
270 669 321 705 tu
346 660 585 708 declamas
610 661 797 721 Romae,
824 663 1063 710 Praeneste
1088 667 1234 729 relegi
1254 684 1266 725 ;

114 726 233 784 Qui,
258 726 369 787 quid
389 727 448 772 sit
465 727 733 788 pulchrum,
761 729 873 790 quid
898 740 1049 791 turpe,
1075 733 1186 792 quid
1213 733 1344 794 utile,
1368 736 1482 798 quid
1506 753 1620 799 non,

114 790 309 838 Planius
335 808 390 836 ac
416 792 584 839 melius
610 794 874 855 Chrysippo
898 806 944 840 et
969 797 1201 844 Crantore
1227 801 1355 847 dicit.

114 858 212 904 Cur
238 858 302 903 ita
326 859 624 915 crediderim,
651 860 742 905 nisi
766 861 878 921 quid
903 870 948 906 te
973 863 1169 923 detinet,
1197 867 1321 912 audi.
1673 874 1704 919 5

177 924 376 982 Fabula,
402 927 494 986 qua
519 925 702 971 Paridis
726 937 912 988 propter
937 938 1151 976 narratur
1176 948 1383 979 amorem

111 990 298 1037 Graecia
322 991 548 1036 barbariae
573 992 700 1038 lento
725 991 886 1038 collisa
910 994 1082 1052 duello,

113 1057 373 1102 Stultorum
398 1073 563 1118 regum
587 1067 633 1102 et
658 1059 937 1120 populorum
963 1061 1176 1108 continet
1202 1073 1354 1111 aestus.

111 1123 329 1168 Antenor
354 1133 517 1169 censet
537 1124 646 1168 belli
671 1125 927 1185 praecidere
953 1142 1158 1174 causam.

108 1189 243 1238 Quid
270 1189 401 1234 Paris
422 1191 439 1234 ’ἶ
476 1199 527 1235 ut
551 1190 704 1235 salvus
729 1200 893 1252 regnet
918 1192 1129 1254 vivatque
1155 1195 1335 1256 beatus,
1641 1203 1701 1248 10

109 1254 230 1315 Cogi
255 1271 391 1316 posse
416 1265 570 1316 negat.
642 1256 816 1302 Nestor
841 1274 1124 1319 componere
1149 1262 1253 1308 lites

108 1321 238 1366 Inter
265 1321 460 1366 Peliden
487 1322 674 1368 festinat
698 1332 744 1368 et
769 1324 889 1369 inter
915 1326 1146 1372 Atriden:

108 1387 254 1433 Hunc
280 1403 424 1445 amor,
451 1388 518 1432 ira
541 1389 730 1452 quidem
757 1393 1069 1437 communiter
1096 1394 1188 1439 urit
1213 1404 1475 1458 utrumque.

104 1453 356 1514 Quidquid
381 1453 582 1499 delirant
606 1471 757 1516 reges,
782 1456 1054 1517 plectuntur
1080 1459 1268 1507 Achivi.

107 1519 365 1578 Sediffione,
392 1520 526 1578 dolis,
552 1521 746 1580 scelere,
774 1531 910 1583 atque
935 1523 1131 1571 libidine
1157 1537 1204 1573 et
1229 1527 1314 1587 ira,
1638 1533 1696 1580 15

104 1585 275 1632 Iliacos
300 1586 422 1631 intra
445 1603 603 1633 muros
626 1598 851 1648 peccatur
875 1598 921 1635 et
945 1600 1088 1636 extra.

171 1652 374 1710 Rursus,
399 1653 512 1713 quid
536 1653 681 1699 virtus
708 1663 753 1699 et
778 1655 890 1715 quid
916 1657 1145 1716 sapientia
1168 1660 1329 1720 possit,

101 1717 227 1765 Utile
253 1719 491 1779 proposuit
514 1720 652 1765 nobis
671 1722 911 1782 exemplar
936 1722 1180 1783 Ulyssem3

100 1784 220 1842 Qui,
246 1785 445 1830 domitor
471 1784 647 1846 Trojae,
674 1787 929 1832 multorum
953 1790 1174 1849 providus
1199 1792 1338 1838 urbes

103 1849 165 1896 Et
188 1866 344 1896 mores
369 1851 614 1897 hominum
638 1852 868 1914 inspexit3
906 1854 1144 1917 latumque
1170 1874 1252 1918 per
1279 1874 1450 1919 aequor,
1530 1882 1535 1887 ·
1626 1863 1692 1911 20

100 1916 229 1962 Dum
255 1916 360 1976 sibi,
382 1918 493 1962 dum
514 1918 655 1963 sociis
680 1919 882 1965 reditum
907 1931 1055 1981 parat,
1082 1939 1246 1984 aspera
1270 1925 1419 1972 multa

99 1981 314 2040 Pertulit,
341 1983 545 2028 adversis
569 2000 725 2029 rerum
752 1985 1079 2032 immersabilis
1105 1990 1257 2049 undis.

101 2049 323 2094 Sirenum
349 2064 487 2094 voces
511 2058 558 2095 et
583 2049 737 2095 Circae
762 2051 932 2112 pocula
958 2052 1110 2109 nosti;
1136 2057 1158 2099 ἲ

97 2115 224 2164 Quae
249 2114 288 2159 si
313 2129 423 2159 cum
449 2116 589 2161 sociis
614 2116 784 2162 stultus
809 2119 1101 2180 cupidusque
1127 2121 1336 2182 bibisset,

99 2181 199 2226 Sub
224 2180 416 2226 domina
440 2182 688 2228 meretrice
714 2183 876 2229 fuisset
899 2186 1047 2246 turpis
1071 2196 1118 2232 et
1142 2203 1323 2248 excors,
1535 2218 1545 2226 ·=
1622 2193 1688 2242 25

96 2246 305 2292 Vixisset
329 2247 461 2292 canis
486 2248 775 2308 immundus,
804 2251 874 2296 vel
901 2252 1053 2298 amica
1077 2253 1175 2299 luto
1195 2271 1286 2301 sus.
1358 2286 1378 2303 ».
1406 2278 1409 2286 ‚

162 2311 265 2358 Nos
290 2329 515 2359 numerus
540 2331 718 2373 sumus,
745 2325 792 2362 et
817 2317 974 2379 fruges
998 2335 1277 2368 consumere
1302 2323 1417 2382 nati,

96 2378 267 2439 Sponsi
292 2379 558 2441 Penelopae,
584 2382 861 2442 nebulones,
889 2385 1176 2447 Alcinoique

93 2442 152 2489 In
172 2454 280 2490 cute
306 2446 516 2491 curanda
539 2447 645 2508 plus
670 2464 801 2509 aequo
824 2460 1015 2510 operata
1033 2453 1256 2513 juventus
1275 2471 1286 2510 3

94 2510 187 2555 Cui
211 2511 461 2571 pulchrum
488 2511 573 2556 fuit
597 2512 646 2558 in
671 2515 852 2561 medios
877 2517 1081 2563 dormire
1107 2519 1224 2576 dies3
1249 2529 1297 2566 et
1617 2526 1682 2572 30

94 2575 173 2621 Ad
199 2576 442 2635 strepitum
468 2576 659 2623 citharae
684 2589 920 2626 cessatum
945 2583 1119 2628 ducere
1145 2600 1322 2630 curam.

92 2640 157 2686 Ut
176 2640 396 2701 jugulent
422 2642 678 2700 hominem,
707 2655 906 2706 surgunt
930 2648 988 2692 de
1014 2658 1152 2694 nocte
1176 2650 1382 2698 latrones
1404 2668 1413 2698 :

92 2706 156 2752 Ut
179 2706 382 2767 teipsum
407 2723 577 2765 serves,
604 2724 699 2754 non
724 2713 1096 2772 expergisceris?
1136 2715 1284 2776 Atqui

93 2772 145 2818 Si
170 2773 303 2818 noles
328 2788 486 2830 sanus,
513 2789 673 2819 curres
699 2776 1010 2837 hydropicus:
1048 2788 1110 2837 et,
1135 2781 1185 2825 ni

91 2837 267 2883 Posces
292 2848 400 2884 ante
426 2839 551 2883 diem
576 2840 746 2886 librum
767 2858 877 2887 cum
901 2843 1096 2903 lumine,
1122 2845 1161 2890 si
1186 2863 1281 2893 non
1612 2854 1678 2900 35

91 2903 321 2949 Intendes
346 2905 555 2950 animum
580 2907 746 2952 studiis
770 2917 817 2954 et
840 2910 980 2954 rebus
1006 2911 1239 2969 honestis;

91 2968 278 3015 Invidia
304 2971 372 3016 vel
399 2986 556 3016 amore
580 2972 690 3033 vigil
715 2975 1004 3034 torquebere.
1075 2977 1201 3024 Nam
1227 2995 1327 3039 cur,

88 3035 216 3085 Quae
241 3037 420 3081 laedunt
435 3037 643 3097 oculum,
673 3039 866 3086 festinas
891 3042 1108 3100 demere3
1147 3045 1185 3090 si
1210 3046 1323 3107 quid

89 3100 176 3147 Est
200 3103 427 3160 animum,
455 3102 613 3149 differs
636 3107 835 3152 curandi
860 3116 1044 3170 tempus
1069 3110 1118 3155 in
1144 3114 1356 3158 annum?

87 3166 352 3214 Dimidium
378 3169 504 3228 facti,
529 3169 608 3230 qui
632 3172 790 3233 coepit,
815 3174 957 3221 habet
977 3191 987 3221 ι
1023 3192 1186 3238 sapere
1210 3179 1364 3236 aude3
1610 3180 1674 3228 40
