1841 3349
545 216 956 258 EPISTOLARUM
986 219 1094 259 LIB.
1125 220 1160 261 1.
1189 225 1230 261 4.

127 332 259 381 Bella
281 333 385 395 quis
407 343 454 380 et
476 351 618 396 paces
641 336 836 398 longum
861 337 1083 385 diffundit
1106 339 1155 385 in
1182 344 1371 390 aevum'!

125 399 261 449 Quid
287 399 460 458 Titius,
487 401 707 447 Romana
732 403 859 448 brevi
885 414 1108 450 venturus
1133 406 1180 451 in
1206 423 1303 466 ora,

127 465 368 511 Pindarici
396 465 534 512 fontis
558 467 637 527 qui
663 484 757 513 non
782 470 1007 529 expalluit
1026 471 1236 530 haustus,

127 530 359 577 Fastidire
384 531 514 576 lacus
538 542 585 578 et
609 534 729 579 rivos
754 550 896 579 ausus
916 538 1133 596 apertos?

127 596 191 642 Ut
215 597 372 642 valet?
408 607 459 642 ut
484 599 698 644 meminit
721 600 901 646 nostri?
937 601 1171 648 fidibusne
1197 603 1380 651 Latinis

126 661 388 708 Thebanos
414 673 571 724 aptare
598 666 761 710 modos
786 668 956 724 studet,
985 668 1175 729 auspice
1202 668 1380 717 Musa?

126 727 206 772 An
231 729 412 788 tragica
437 730 629 775 desaevit
653 740 699 776 et
723 732 1003 792 ampullatur
1029 734 1075 778 in
1103 745 1199 780 arte
1220 737 1237 780 2

1616 228 1710 276 149
1777 229 1784 238 '

1651 478 1711 524 10

122 792 257 842 Quid
279 794 394 838 mihi
421 794 590 839 Celsus
616 797 745 856 agit?
783 799 1002 856 monitus,
1024 798 1320 862 multumque
1336 804 1619 864 monendus,
1650 806 1710 852 15

124 857 334 904 Privatas
361 868 409 904 ut
434 871 610 919 quaerat
635 878 763 923 opeS‚
790 872 836 908 et
860 872 1053 924 tangere
1080 866 1190 911 vitet

124 925 311 985 Scripta
336 925 578 971 Palatinus
603 943 896 988 quaecunque
922 931 1099 991 recepit
1126 933 1323 992 Apollo:

123 989 216 1047 Ne,
243 991 281 1035 si
307 989 423 1036 forte
450 1007 557 1036 suas
581 994 829 1053 repetitum
857 996 1033 1040 venerit
1055 996 1165 1041 olim

122 1056 253 1101 Grex
277 1058 431 1102 avium
458 1057 658 1118 plumas,
686 1069 869 1105 moveat
893 1062 1134 1107 cornicula
1160 1063 1321 1122 risum,

125 1120 330 1167 Furtivis
355 1123 531 1167 nudata
555 1124 802 1170 coloribus.
875 1125 982 1186 Ipse
1007 1129 1119 1188 quid
1145 1130 1323 1176 audes?

123 1187 250 1236 Quae
276 1189 622 1234 circumvolitas
650 1191 784 1250 agilis
810 1192 1002 1251 thyma?
1040 1209 1134 1239 non
1161 1195 1245 1240 tibi
1270 1212 1464 1256 parvum

126 1251 398 1314 Ingenium,
425 1270 519 1299 non
547 1255 776 1301 incultum
803 1266 888 1315 est,
916 1274 1005 1303 nec
1030 1261 1225 1320 turpiter
1253 1262 1438 1309 hirtum.

124 1319 222 1364 Seu
247 1319 459 1380 linguam
488 1322 644 1366 causis
670 1322 816 1378 acuis
843 1339 926 1367 seu
952 1325 1100 1369 civica
1122 1326 1228 1386 jura

124 1384 437 1445 Respondere
462 1401 613 1446 paras,
640 1403 723 1432 seu
748 1390 915 1433 condis
941 1390 1140 1435 amabile
1166 1408 1374 1452 carmen,

121 1450 280 1496 Prima
307 1451 426 1496 feres
454 1452 638 1497 hederae
666 1454 869 1499 victricis
894 1457 1112 1516 praemia:
1149 1455 1275 1517 quod
1301 1459 1339 1504 si

121 1516 314 1577 Frigida
340 1533 558 1562 curarum
589 1519 794 1565 fomenta
819 1521 1082 1581 relinquere
1106 1539 1284 1583 posses,
1301 1560 1311 1571 ι

120 1581 237 1631 Quo
262 1593 307 1628 te
334 1583 537 1628 coelestis
562 1586 790 1644 sapientia
815 1587 1026 1644 duceret,
1053 1589 1157 1633 ires,

121 1647 229 1693 Hoc
256 1665 388 1709 opus,
417 1650 505 1694 hoc
530 1651 735 1695 studium
763 1653 890 1712 parvi
915 1669 1217 1714 properemus
1240 1667 1288 1701 et
1312 1656 1452 1719 ampli

122 1713 173 1758 Si
199 1715 358 1774 patriae
386 1715 614 1772 volumus,
642 1716 679 1761 si
707 1718 857 1775 nobis,
884 1719 1036 1764 vivere
1061 1720 1171 1765 cari.

184 1778 343 1825 Debes
371 1780 458 1825 hoc
482 1780 622 1825 etiam
650 1784 924 1842 rescribere,
950 1785 988 1829 si
1013 1785 1096 1830 tibi
1122 1802 1264 1844 curae,

116 1843 326 1893 Quantae
352 1846 616 1904 conveniat,
646 1847 890 1894 Munatius
912 1866 921 1895 ε
960 1867 1019 1895 an
1045 1850 1167 1897 male
1194 1861 1319 1899 sarta

116 1910 280 1956 Gratia
307 1912 619 1972 nequidquam
646 1915 740 1959 coit
765 1925 811 1959 et
835 1917 1149 1962 rescinditur?
1187 1928 1234 1963 at
1259 1935 1337 1965 vos

118 1976 215 2021 Seu
240 1977 420 2021 calidus
445 1978 654 2037 sanguis,
681 1996 761 2024 seu
789 1997 944 2025 rerum
971 1981 1162 2028 inscitia
1188 1993 1323 2030 vexat

1456 1695 1469 1716 5

117 2040 354 2087 Indomita
382 2043 566 2087 cervice
593 2044 729 2102 feros,
757 2046 1027 2107 ubicunque
1053 2048 1264 2094 locorum

117 2106 303 2164 vivitis,
332 2108 514 2168 indigni
544 2108 798 2156 fraternum
824 2128 1040 2174 rumpere
1067 2114 1233 2172 fredus,

116 2171 330 2219 Pascitur
355 2175 404 2220 in
430 2184 633 2221 vestrum
658 2177 863 2223 reditum
887 2179 1038 2225 votiva
1057 2180 1275 2241 juvenca.

642 2438 981 2488 EPISTOLA
1019 2442 1105 2490 IV.

563 2551 630 2583 AD
666 2553 860 2586 ALmUM
895 2557 1166 2589 TIBULLUM.
1184 2546 1200 2556 “

114 2634 262 2691 Amn,
287 2642 552 2678 nostrorum
581 2648 851 2682 sermonum
877 2640 1080 2685 candide
1100 2641 1262 2701 judex,

111 2698 248 2749 Quid
276 2714 403 2744 nunc
431 2699 654 2744 te'dicam
684 2701 837 2746 facere
864 2703 911 2747 in
937 2705 1130 2764 regione
1157 2705 1383 2753 Pedana?

113 2764 331 2811 Scribere
356 2765 479 2824 quod
506 2764 642 2810 Cassi
670 2765 938 2813 Parmensis
961 2771 1188 2829 opuscula
1215 2772 1404 2819 vincat?

112 2829 192 2875 An
219 2830 412 2875 tacitum
438 2829 576 2875 silvas
601 2831 721 2876 inter
747 2842 927 2892 reptare
953 2834 1179 2894 salubres,

111 2894 370 2941 Curantein
397 2896 620 2956 quidquid
648 2897 844 2957 dignum
871 2900 1086 2960 sapiente
1113 2901 1326 2962 bonoque
1351 2906 1455 2952 est?

108 2958 222 3006 Non
249 2971 298 3006 tu
324 2976 492 3020 corpus
515 2977 618 3006 eras
643 2962 744 3008 sine
769 2973 972 3024 pectore.
1043 2965 1106 3011 Di
1132 2968 1215 3013 tibi
1243 2968 1453 3030 formam,

108 3023 173 3072 Di
199 3026 280 3072 tibi
307 3026 490 3070 divitias
515 3027 761 3086 dederunt,
787 3040 1026 3091 artemque
1053 3031 1252 3078 fruendi.

173 3090 307 3141 Quid
338 3101 498 3136 voveat
523 3092 649 3138 dulci
676 3094 912 3141 nutricula
938 3096 1086 3157 majus
1111 3098 1318 3159 alumno,

110 3156 215 3210 Qui
237 3173 403 3220 sapere
428 3157 584 3268 eltsfiri
607 3160 752 3220 possit
776 3176 880 3221 quae
905 3164 1091 3222 sentiat,
1117 3174 1165 3210 et
1188 3165 1267 3212 cui

1642 1133 1708 1180 20

1632 1791 1698 1839 30
