1841 3349
549 156 961 197 EPISTOLARUM
991 158 1099 196 LIB.
1131 159 1165 197 Ι.
1194 161 1258 198 20.

140 272 272 320 Hinc
297 274 388 321 illae
413 274 645 335 lacrymae.
720 276 893 337 Spissis
918 277 1113 338 indigna
1137 278 1330 325 theatris

142 340 328 401 Scripta
350 341 496 402 pudet
519 341 732 399 recitare,
759 350 806 387 et
830 343 968 403 nugis
994 344 1166 388 addere
1193 345 1395 404 pondus,

141 406 193 451 Si
219 407 347 452 dixi:
374 409 402 429 “
421 405 620 464 Rides,’'
648 407 727 464 ait,
755 411 782 430 “
804 417 850 454 et
875 408 1005 454 Jovis
1031 410 1225 454 auribus
1252 410 1343 455 ista

140 472 334 517 Servas:
372 470 478 516 fidis
503 472 630 517 enim
656 489 846 519 manare
871 475 1061 535 poetica
1086 475 1225 520 mella

138 537 214 583 Te
239 537 406 594 solum,
432 536 517 582 tibi
542 538 783 598 pulcher.''
857 541 934 585 Ad
963 541 1064 586 hrec
1089 557 1178 602 ego
1203 540 1397 586 naribus
1422 540 1490 587 uti

137 602 361 648 Formido
380 604 402 647 :⁷
426 612 486 658 et,
513 603 735 649 luctantis
760 615 898 651 acuto
922 623 982 652 ne
1008 622 1141 652 secer
1166 607 1335 667 ungui,

139 671 166 691 “
186 667 418 728 Displicet
442 668 528 713 iste
550 669 728 727 locus,''
757 671 926 729 clamo,
952 682 999 718 et
1024 672 1202 717 diludia
1225 688 1383 733 posco.

135 732 300 779 Ludus
325 733 452 779 enim
476 735 643 796 genuit
667 737 901 797 trepidum
928 747 1169 783 certamen
1194 746 1240 783 et
1264 738 1397 796 iram,

135 798 213 846 Ira
236 808 393 846 truces
417 799 692 846 inimicitias
717 811 764 847 et
789 803 986 848 funebre
1013 804 1202 849 bellum.

654 1063 992 1111 EPISTOLA
1029 1065 1145 1112 XX.

655 1179 721 1209 AD
756 1181 948 1211 LIBRUM
984 1181 1129 1211 SUUM.

133 1260 470 1307 VERTUMNUM
494 1260 780 1323 Janumque,
807 1264 941 1322 liber,
970 1273 1181 1324 spectare
1207 1266 1405 1323 videris3

135 1327 332 1373 Scilicet
358 1336 409 1373 ut
432 1337 612 1388 prostes
639 1329 880 1374 Sosiorum
906 1330 1096 1390 pumice
1122 1332 1342 1377 mundus.

131 1392 290 1438 Odisti
315 1393 470 1438 claves
494 1402 541 1438 et
564 1404 697 1454 grata
722 1394 874 1455 sigilla
898 1395 1100 1455 pudico:

132 1458 305 1504 Paucis
329 1459 513 1504 ostendi
538 1461 705 1520 gemis,
732 1470 779 1506 et
803 1461 1076 1506 communia
1100 1462 1299 1520 laudas)

132 1523 245 1570 Non
273 1524 337 1569 ita
361 1524 578 1570 nutritus.
651 1526 785 1587 Fuge
810 1524 902 1586 quo
930 1527 1221 1573 descendere
1246 1528 1418 1588 gestis:

132 1590 245 1636 Non
271 1591 359 1635 erit
383 1590 555 1636 emisso
579 1592 758 1637 reditus
783 1592 881 1637 tibi.
955 1596 981 1615 “
999 1592 1133 1641 Quid
1160 1594 1300 1638 miser
1325 1595 1435 1656 egi?

130 1656 266 1706 Quid
292 1656 415 1701 volui
435 1657 483 1701 ‘3”
511 1657 657 1715 dices,
683 1658 764 1702 ubi
788 1658 900 1718 quid
925 1667 969 1703 te
997 1658 1167 1704 laeserit
1192 1675 1203 1714 ;
1265 1668 1314 1706 et
1338 1661 1431 1706 scis

131 1721 189 1768 In
215 1723 353 1767 breve
379 1731 424 1767 te
449 1722 571 1783 cogi,
597 1724 765 1784 plenus
789 1739 932 1783 quum
957 1724 1151 1784 languet
1175 1734 1366 1772 amator.

128 1786 278 1838 Quod
305 1787 342 1833 si
367 1803 462 1833 non
487 1788 596 1834 odio
622 1790 864 1850 peccantis
890 1789 1058 1849 desipit
1083 1805 1248 1850 augur,

130 1854 283 1907 Carus
307 1853 398 1899 eris
423 1854 609 1912 Romae‚
637 1856 788 1899 donec
813 1865 858 1900 te
884 1855 1068 1899 deserat
1093 1865 1218 1901 aetas.

131 1919 462 1965 Contrectatus
486 1919 567 1964 ubi
592 1920 810 1964 manibus
834 1920 1104 1965 sordescere
1130 1921 1257 1982 vulgi

130 1985 358 2046 Coeperis,
385 1994 464 2030 aut
488 1985 639 2031 tineas
663 2001 827 2046 pasces
851 1985 1114 2031 taciturnus
1140 1987 1330 2048 inertes,

131 2051 232 2097 Aut
257 2051 410 2112 fugies
437 2051 647 2108 Uticam,
674 2059 753 2095 aut
777 2050 963 2096 vinctus
988 2053 1184 2098 mitteris
1210 2053 1428 2101 Ilerdam.

128 2116 327 2162 Ridebit
350 2116 549 2163 monitor
575 2133 670 2162 non
695 2117 943 2162 exauditus
964 2133 973 2172 3
1013 2127 1063 2163 ut
1086 2118 1163 2164 ille

126 2182 229 2232 Qui
256 2181 378 2228 male
402 2191 643 2243 parentem
672 2182 719 2227 in
744 2199 883 2243 rupes
909 2185 1130 2244 protrusit
1155 2186 1350 2232 asellum

128 2247 310 2306 Iratus:
347 2249 449 2309 quis
474 2248 601 2293 enim
627 2248 823 2294 invitum
851 2265 1035 2295 servare
1062 2251 1273 2298 laboret?

127 2313 236 2360 Hoc
259 2329 440 2375 quoque
465 2323 509 2360 te
534 2323 710 2372 manet,
737 2324 788 2360 ut
810 2332 980 2376 pueros
1005 2317 1240 2364 elementa
1264 2319 1514 2367 docentem

125 2379 346 2440 Occupet
369 2380 590 2424 extremis
614 2379 662 2424 in
688 2380 803 2425 vicis
829 2382 965 2427 balba
990 2393 1224 2429 senectus.

125 2445 293 2495 Quum
317 2444 401 2489 tibi
427 2444 493 2489 sol
517 2445 703 2504 tepidus
729 2446 885 2505 plures
911 2448 1168 2494 admoverit
1192 2465 1344 2508 aureS‚

127 2509 210 2555 Me
233 2509 452 2554 libertino
476 2518 638 2554 natum
663 2519 810 2570 patre,
836 2521 884 2557 et
908 2512 955 2557 in
982 2515 1114 2559 tenui
1139 2506 1188 2559 re

127 2574 331 2636 Majores
354 2589 534 2634 pennas
559 2575 671 2620 nido
695 2577 980 2634 extendisse,
1006 2578 1238 2638 loqueris3

126 2641 205 2698 Ut,
230 2648 456 2700 quantum
478 2639 643 2699 generi
669 2640 845 2698 demas,
873 2642 1120 2688 virtutibus
1146 2644 1317 2690 addas:

127 2705 209 2752 Me
234 2705 397 2766 primis
421 2703 561 2750 Urbis
588 2704 697 2749 belli
722 2706 956 2766 placuisse
983 2708 1220 2768 domique,

126 2770 345 2832 Corporis
370 2769 544 2831 exigui,
570 2785 858 2831 praecanum,
884 2772 1059 2818 solibus
1083 2782 1259 2835 aptum,

126 2836 273 2883 Irasci
298 2835 518 2893 celerem,
543 2845 701 2882 tamen
727 2846 777 2883 ut
800 2837 1044 2898 placabilis
1070 2855 1236 2886 essem.

126 2898 269 2949 Forte
295 2916 454 2946 meum
479 2900 518 2946 si
542 2901 647 2962 quis
671 2912 716 2948 te
741 2904 1094 2964 percontabitur
1119 2921 1287 2966 aevum,

125 2966 209 3019 Me
234 2975 396 3028 quater
421 2966 636 3013 undenos
659 2968 778 3015 sciat
801 2969 1065 3029 implevisse
1091 2970 1399 3034 Decembres,

126 3031 372 3095 Collegam
396 3031 630 3094 Lepidum
653 3049 746 3095 quo
769 3034 904 3082 duxit
926 3034 1106 3083 Lollius
1130 3053 1269 3086 anno.

1634 162 1727 211 169

1662 1862 1718 1908 10

1654 2192 1715 2238 15
