1841 3349
72 189 140 238 ⁷6

624 183 674 228 Q.
705 182 948 222 HORATII
977 182 1183 230 FLACQI

271 303 483 351 Pecusve
508 301 723 348 Calabris
747 311 855 347 ante
881 301 1010 347 sidus
1029 300 1259 347 fervidum

471 367 668 413 Lucana
691 376 840 413 mutet
860 382 1035 428 pascua
1055 383 1066 422 3

275 433 382 481 Nec
406 442 457 480 ut
480 433 670 494 superni
696 433 805 478 villa
828 432 1040 477 candens
1059 431 1262 478 Tusculi

471 498 657 545 Circaea
680 507 842 559 tangat
866 497 1053 543 moenia.

275 562 401 611 Satis
426 562 658 624 superque
679 579 753 608 me
780 563 1048 622 benignitas
1071 569 1153 608 tua

471 628 670 674 Ditavit:
708 628 833 672 haud
858 643 1082 688 paravero

275 695 422 746 Quod
447 703 542 751 aut,
564 709 728 739 avarus
755 702 804 738 ut
828 693 1076 751 ChremeS,
1100 692 1225 738 terra
1250 706 1478 752 premam,

474 759 749 805 Discinctus
774 767 854 804 aut
877 758 1071 820 perdam
1095 766 1148 804 ut
1170 772 1330 819 nepos.

782 1049 922 1096 ODE
957 1048 1023 1095 ΙΙ.

248 1156 276 1177 “
295 1152 496 1199 BEATUS
521 1150 599 1196 ille
623 1149 702 1210 qui
726 1148 889 1210 procul
915 1149 1133 1210 negotiis,

476 1216 539 1261 Ut
563 1216 717 1277 prisca
740 1230 857 1275 gens
882 1215 1166 1274 mortalium,

280 1283 482 1329 Paterna
505 1297 612 1327 rura
638 1281 788 1326 bobus
813 1289 1001 1325 exercet
1026 1281 1138 1338 suis,

428 1374 431 1376 -
478 1347 670 1392 Solutus
694 1345 823 1391 omni
851 1345 1038 1390 foenore.

280 1412 447 1474 Neque
471 1412 704 1458 excitatur
730 1410 928 1456 classico
952 1411 1087 1456 miles
1111 1411 1248 1470 truci,

477 1477 645 1538 Neque
671 1478 827 1522 horret
851 1476 1019 1521 iratum
1043 1492 1194 1533 mare3

281 1544 549 1603 Forumque
575 1542 700 1599 vitat,
727 1551 773 1587 et
798 1541 998 1601 superba
1021 1542 1194 1587 civium

478 1608 801 1653 Potentiorum
826 1606 1003 1652 limina.

281 1674 409 1736 Ergo
433 1682 513 1720 aut.
537 1673 698 1718 adulta
723 1672 884 1717 vitium
909 1672 1167 1733 propagine

481 1739 615 1786 Altas
638 1738 824 1783 maritat
847 1738 1068 1798 populos;

282 1804 572 1864 Inutilesque
600 1803 719 1848 falce
743 1818 896 1848 ramos
920 1811 1186 1864 amputans,

480 1869 739 1915 Feliciores
763 1868 926 1913 inserit
945 1883 956 1923 ;

283 1937 384 1983 Aut
406 1936 455 1981 in
479 1934 676 1980 reducta
702 1933 818 1979 valle
844 1933 1157 1994 mugientium

323 2056 335 2065 ·
480 1999 753 2061 Prospectat
776 2008 986 2045 errantes
1009 2014 1204 2059 greges3

286 2067 386 2114 Aut
407 2082 569 2128 pressa
591 2065 719 2126 puris
746 2065 882 2109 mella
907 2065 1068 2110 condit
1096 2063 1356 2125 amphoris3

482 2132 580 2176 Aut
603 2131 765 2176 tondet
790 2129 998 2175 infirmas
1021 2145 1156 2185 oves3

283 2197 390 2255 Vel,
426 2211 569 2257 quum
595 2196 820 2241 decorum
845 2195 1038 2240 mitibus
1061 2194 1211 2255 pomis
1236 2204 1378 2256 caput

483 2262 758 2306 Autumnus
783 2260 902 2304 arvis
927 2260 1106 2317 extulit,

287 2327 351 2374 Ut
374 2327 549 2388 gaudet
573 2326 760 2371 insitiva
783 2326 1043 2385 decerpens
1066 2340 1195 2385 pyra,

483 2391 755 2436 Certantem
782 2400 827 2436 et
854 2406 988 2435 uvam
1013 2405 1245 2452 purpurae,

285 2457 402 2507 Qua
427 2466 698 2502 muneretur
722 2465 783 2512 te,
811 2456 994 2516 Priape,
1019 2464 1065 2501 et
1089 2464 1150 2513 te,
1175 2464 1306 2516 pater

487 2523 691 2584 Silvane,
740 2531 839 2567 utor
865 2521 1055 2566 finium!

290 2588 426 2634 Libet
440 2587 597 2648 jacere
625 2587 668 2632 m
735 2604 764 2632 o
790 2587 877 2632 sub
901 2585 1092 2646 antiqua
1117 2586 1240 2644 ilice,

487 2651 634 2699 Modo
661 2654 708 2699 in
734 2653 889 2698 tenaci
914 2652 1142 2712 gramine.

291 2718 536 2764 Labuntur
562 2719 665 2764 altis
690 2719 876 2765 interim
901 2718 1012 2778 ripis
1037 2733 1195 2777 aquae3

486 2784 767 2832 Queruntur
788 2784 833 2828 in
860 2783 985 2828 silvis
1009 2797 1143 2837 aves3

293 2847 558 2908 Fontesque
586 2850 787 2909 lymphis
811 2849 1085 2908 obstrepunt
1109 2847 1426 2907 manantibus,

490 2915 690 2958 Somnos
714 2915 836 2973 quod
863 2914 1025 2959 invitet
1048 2912 1184 2957 leves,

295 2979 375 3036 At,
401 2993 544 3038 quum
565 2980 771 3023 tonantis
796 2995 948 3023 annus
973 2977 1196 3023 hibernus
1221 2977 1352 3024 Jovis

490 3042 672 3088 Imbres
697 3043 918 3102 nivesque
944 3052 1197 3102 comparat,

296 3109 396 3154 Aut
419 3108 562 3154 trudit
587 3123 719 3154 acres
743 3108 855 3154 hinc
878 3116 925 3153 et
949 3107 1061 3153 hinc
1085 3109 1232 3155 multa
1256 3123 1375 3156 cane

1673 1737 1734 1784 10

1674 2066 1734 2112 15

1645 3040 1737 3119 ‘30
