1841 3349
342 438 421 514 Q.
490 436 952 498 HoRATII
1022 433 1424 497 FLACCI

620 641 1152 696 CARMINUM

501 824 510 845 l

621 843 795 883 LIBER
822 843 1143 884 SECUNDUS.

773 1215 913 1262 ODE
948 1215 986 1262 Ι.

575 1328 642 1359 AD
666 1329 878 1361 ASINIUM
902 1329 1204 1362 POLLIONEM·

327 1413 522 1462 Morum
545 1427 604 1458 ex
628 1412 823 1459 Metello
841 1411 1036 1459 consule
1060 1412 1281 1475 civicum,

327 1480 538 1540 Bellique
563 1494 747 1537 causas,
773 1487 821 1524 et
844 1479 969 1537 vitia,
995 1486 1042 1524 et
1066 1479 1246 1539 modos,

392 1545 677 1605 Ludumque
702 1543 942 1602 Fortunae,
969 1560 1228 1605 gravesque

458 1610 733 1671 Principum
758 1610 1004 1667 amicitias,
1029 1618 1077 1661 et
1099 1626 1231 1657 arma

325 1675 554 1724 Nondum
578 1676 775 1737 expiatis
799 1685 943 1722 uncta
966 1676 1228 1736 cruoribus,

324 1743 608 1790 Periculosae
632 1743 823 1803 plenum
848 1758 965 1803 opus
985 1741 1116 1800 aleae,

394 1808 613 1866 Tractas‚
637 1816 686 1854 et
709 1808 891 1853 incedis
914 1824 996 1869 per
1016 1807 1151 1869 ignes

459 1873 734 1935 Suppositos
758 1874 907 1918 cineri
931 1873 1106 1918 doloso.

325 1936 527 1987 Paulum
551 1954 726 1983 severae
750 1937 893 1983 Musa
915 1938 1157 1999 tragoediae

325 2004 462 2051 Desit
485 2003 678 2050 theatris
700 2019 709 2048 :
746 2019 869 2060 mox,
895 2003 976 2048 ubi
1000 2003 1212 2064 publicas

389 2071 492 2117 Res
513 2068 763 2126 ordinaris,
788 2069 967 2129 grande
993 2084 1165 2114 munus

460 2134 693 2195 Cecropio
717 2143 900 2195 repetes
925 2134 1173 2194 cothurno,

327 2202 523 2263 Insigne
549 2200 726 2246 moestis
749 2200 1021 2260 praesidium
1047 2200 1156 2260 reis,

326 2268 389 2315 Et
413 2267 694 2324 consulenti,
720 2265 883 2324 Pollio,
909 2265 1054 2311 curiae
1075 2282 1085 2322 3

393 2333 486 2380 Cui
511 2333 671 2378 laurus
696 2340 894 2377 aeternos
919 2333 1121 2378 honores

457 2398 725 2444 Dalmatico
748 2398 931 2458 peperit
954 2398 1206 2459 triumpho.

330 2464 438 2510 Jam
465 2480 594 2510 nunc
618 2464 793 2509 minaci
819 2479 1061 2509 murmure
1086 2479 1320 2510 cornuum

326 2529 608 2589 Perstringis
634 2545 796 2575 aures:
831 2529 927 2590 jam
951 2529 1054 2575 litui
1079 2537 1318 2591 strepunt;

394 2593 500 2639 Jam
527 2594 677 2653 fulgor
702 2610 936 2639 armorum
963 2594 1176 2655 fugace&

458 2658 631 2704 Terret
653 2674 811 2718 eqUOS‚
836 2659 1138 2719 equitumque
1163 2660 1332 2706 vultus.

328 2725 510 2772 Audire
535 2739 733 2785 magnos
752 2724 849 2785 jam
874 2723 1033 2769 videor
1058 2725 1205 2772 duces

327 2789 439 2838 Non
464 2792 689 2837 indecoro
712 2789 902 2851 pulvere
929 2789 1156 2850 sordidos,

398 2856 461 2903 Et
482 2865 658 2902 cuncta
680 2865 908 2902 terrarum
929 2855 1125 2902 subacta

462 2921 638 2968 Praeter
663 2931 869 2968 atrocem
895 2921 1105 2967 animum
1130 2921 1340 2977 Catonis.

331 2985 474 3046 Juno,
497 2995 545 3034 et
568 2989 761 3035 deorum
786 2987 994 3048 quisquis
1018 2988 1212 3036 amicior

337 3051 462 3099 Afris
485 3052 636 3100 inulta
659 3061 866 3101 cesserat
889 3053 1122 3115 impotens

1655 2005 1714 2054 10

1654 2334 1715 2382 15

1649 2659 1717 2709 20
