1841 3349
107 158 201 206 13⁰
647 155 698 202 Q.
729 154 971 194 HORATII
1000 155 1205 195 FLACCI

167 272 375 320 Lubrica
398 283 653 320 nascentes
677 273 874 335 implent
898 269 1145 335 conchylia
1168 274 1305 319 lunae.

169 340 266 386 Sed
292 356 385 385 non
410 355 550 386 omne
576 355 703 385 mare
727 349 796 385 est
819 355 1059 400 generosae
1086 340 1235 386 fertile
1261 347 1416 386 testae:

169 403 356 451 Murice
382 404 560 451 Baiano
585 406 746 450 melior
773 404 979 450 Lucrina
1003 406 1200 465 peloris:

166 470 339 517 Ostrea
359 471 575 527 Circeiis,
604 470 790 515 Miseno
813 471 1027 515 oriuntur
1051 470 1237 530 echini3

168 535 443 582 Pectinibus
467 536 638 596 patulis
658 536 803 596 jactat
823 551 872 580 se
898 535 1035 580 molle
1061 535 1340 580 Tarentum.

167 600 275 647 Nec
300 602 386 646 sibi
413 616 652 646 coenarum
679 600 828 660 quivis
852 597 1028 644 temere
1057 610 1240 660 arroget
1264 609 1426 657 artem,

168 666 280 712 Non
305 664 434 728 prius
458 666 623 711 exacta
649 666 778 711 tenui
804 665 983 710 ratione
1009 681 1239 725 saporum.

168 731 276 778 Nec
300 730 412 778 satis
436 741 506 777 est
530 732 638 777 cara
664 732 816 792 pisces
841 747 1051 776 averrere
1078 731 1242 775 mensa

168 797 394 859 Ignarum
420 798 588 858 quibus
612 807 680 842 est
700 797 775 858 jus
801 797 969 857 aptius,
995 806 1041 842 et
1065 797 1233 856 quibus
1258 796 1373 842 assis

168 863 480 924 Languidus
471 880 518 908 in
545 863 792 908 cubitum
778 879 878 924 Jam
900 878 947 906 se
973 863 1168 907 conviva
1193 870 1398 922 reponet

167 928 361 985 Umber,
387 938 433 974 et
459 929 604 988 iliona
631 929 834 973 nutritus
858 928 1046 988 glande,
1074 928 1256 972 rotund·
1260 944 1297 972 is

168 993 295 1039 Curi
298 1004 344 1039 et
369 1010 476 1054 aper
501 971 660 1039 lances
686 1009 875 1039 carnem
904 992 1091 1037 xitantis
1116 992 1341 1038 inertem:

168 1058 296 1104 Nam
324 1059 535 1105 Laurens
561 1059 710 1104 malus
735 1070 820 1115 est,
847 1058 963 1103 ulvis
988 1068 1032 1103 et
1058 1059 1287 1103 arundine
1313 1059 1514 1120 pinguis.

167 1125 323 1170 Vinea
347 1126 578 1171 submittit
603 1141 795 1186 capreas
821 1141 913 1170 non
940 1140 1122 1184 semper
1148 1124 1323 1169 edules.

168 1189 427 1236 Foecundae
453 1191 622 1252 leporis
647 1191 833 1251 sapiens
858 1191 1111 1235 sectabitur
1137 1206 1302 1235 armos

167 1255 385 1302 Piscibus
408 1267 545 1317 atque
572 1257 732 1302 avibus
757 1272 859 1329 quae
885 1268 1050 1300 natura
1076 1266 1120 1300 et
1147 1255 1261 1301 foret
1287 1264 1413 1314 aetas,

167 1323 296 1368 Ante
321 1338 475 1368 meum
504 1323 618 1367 nulli
645 1323 793 1394 patuit
817 1322 1011 1381 quaesita
1035 1322 1254 1381 palatum.

169 1388 294 1433 Sunt
317 1404 511 1448 quorum
539 1387 780 1449 ingenium
808 1404 927 1433 nova
953 1386 1082 1432 tanti]
1093 1403 1134 1431 m
1160 1386 1367 1432 crustula
1390 1385 1573 1447 promit.

168 1452 480 1514 Nequaquam
506 1453 619 1499 satis
644 1454 689 1499 in
717 1469 764 1498 re
791 1468 884 1497 una
910 1468 1187 1498 consumere
1213 1468 1401 1497 curam:

167 1517 232 1565 Ut
254 1520 292 1564 si
316 1520 420 1579 quis
444 1517 593 1565 solum
621 1520 725 1574 hoc,
751 1519 873 1563 mala
898 1534 956 1563 ne
983 1518 1075 1563 sint
1100 1518 1221 1576 vina,
1246 1518 1423 1564 laboret

165 1583 314 1634 Quali
341 1585 589 1645 perfundat
612 1585 764 1645 pisces
789 1599 982 1629 securus
1005 1584 1138 1628 olivo.

169 1649 379 1696 Massica
402 1650 441 1696 si
467 1651 587 1696 coelo
612 1666 847 1710 supponas
873 1649 978 1694 vina
1004 1665 1186 1706 sereno,

168 1714 436 1773 Nocturna,
463 1716 499 1760 si
524 1716 634 1775 quid
660 1716 801 1760 crassi
827 1726 911 1761 est.
938 1715 1206 1760 tenuabitur
1231 1714 1362 1772 aura,

168 1780 232 1827 Et
255 1782 454 1827 decedet
476 1782 588 1827 odor
614 1782 768 1827 nervis
793 1781 1037 1834 inimicus3
1075 1790 1121 1825 at
1145 1780 1223 1825 illa

170 1845 414 1908 Integrum
442 1847 644 1908 perdunt
668 1847 764 1892 lino
789 1846 948 1891 vitiata
973 1861 1198 1906 saporem.

169 1912 450 1958 Surrentina
477 1913 599 1958 vafer
624 1913 701 1972 qui
728 1912 895 1957 miscet
922 1911 1037 1956 saece
1064 1908 1266 1956 Falerna

168 1978 312 2035 Vina,
337 1977 606 2024 columbino
631 1979 791 2023 limum
819 1978 938 2022 bene
963 1976 1138 2037 colligit
1165 1992 1277 2032 ov03

167 2043 425 2093 Quatenus
450 2045 542 2089 ima
566 2045 681 2104 petit
700 2044 887 2089 volvens
911 2042 1064 2087 aliena
1090 2042 1285 2087 vitellus.

168 2108 332 2155 Tostis
357 2120 646 2162 marcentem
670 2109 848 2168 squillis
872 2107 1106 2153 recreabis
1130 2117 1173 2152 et
1200 2107 1318 2151 Afra

169 2173 387 2220 Potorem
414 2175 637 2229 cochlea;
676 2190 784 2219 nam
811 2174 995 2218 lactuca
1021 2173 1200 2218 innatat
1224 2171 1320 2217 acri

169 2238 282 2285 Post
306 2240 463 2284 vinum
490 2240 756 2285 stomacho:
794 2239 940 2298 perna
966 2235 1114 2298 magis
1139 2253 1194 2282 ac
1220 2235 1369 2298 magis
1395 2236 1520 2283 hillis

169 2303 373 2366 Flagitat
399 2305 444 2350 in
473 2320 651 2350 morsus
676 2304 831 2357 refici3
869 2303 979 2363 quin
1007 2303 1163 2347 omnia
1190 2302 1335 2359 malit,

167 2369 486 2430 Quaecunque
512 2370 765 2416 immundis
787 2370 961 2413 fervent
988 2368 1112 2412 illata
1137 2367 1333 2428 popinis.

169 2434 256 2481 Est
278 2452 431 2496 operte
456 2437 655 2496 pretium
683 2434 884 2495 duplicis
909 2449 1188 2494 pernoscere
1209 2433 1326 2493 juris

169 2499 430 2547 Naturam:
470 2501 666 2561 simplex
690 2516 715 2545 e
741 2500 866 2544 dulci
892 2508 1072 2544 constat
1098 2498 1234 2555 olivo,

168 2565 313 2615 Quod
343 2567 504 2627 pingui
532 2567 729 2611 miscere
756 2581 884 2609 mero
910 2565 1156 2623 muriaque
1182 2564 1384 2622 decebit,

170 2630 282 2677 Non
309 2633 399 2677 alia
424 2632 562 2692 quam
589 2632 681 2692 qua
709 2631 936 2690 Byzantia
963 2630 1139 2691 putruit
1161 2645 1286 2674 orca.

171 2695 281 2742 Hoc
306 2697 384 2741 ubi
411 2697 655 2743 confusum
685 2697 824 2741 sectis
851 2696 1072 2740 inferbuit
1098 2694 1268 2751 hortis,

170 2760 464 2821 Corycioque
490 2779 628 2808 croco
653 2777 860 2822 sparsum
888 2761 1026 2816 stetit,
1053 2760 1241 2819 insuper
1266 2759 1409 2804 addes

170 2824 339 2872 Pressa
366 2827 646 2871 Venafranae
672 2828 792 2886 quod
822 2827 966 2871 bacca
991 2824 1167 2870 remisit
1190 2824 1335 2868 olivae.

171 2889 362 2938 Picenis
387 2892 561 2936 cedunt
588 2893 735 2951 pomis
760 2891 978 2936 Tiburtia
998 2904 1166 2944 succo:

172 2955 298 3003 Nam
328 2956 446 3002 facie
472 2966 703 3016 praestant.
775 2956 1024 3001 Venucula
1048 2954 1268 2999 convenit
1289 2953 1418 3010 ollis;

172 3020 378 3068 Rectius
403 3021 637 3066 Albanam
667 3021 792 3065 fumo
817 3021 1053 3065 duraveris
1079 3035 1229 3064 uvam.

175 3086 317 3133 Hanc
339 3103 429 3148 ego
452 3102 561 3132 cum
585 3086 735 3145 maliS‚
761 3101 849 3147 ego
875 3086 1038 3131 saecem
1061 3085 1237 3146 primus
1260 3093 1308 3131 et
1325 3083 1476 3142 halec,

1681 599 1747 646 35

1682 928 1746 974 40

1682 1583 1748 1629 50

1682 2236 1746 2284 60

1683 2887 1749 2934 70
