1841 3349
631 193 683 239 Q.
713 193 957 233 HORATII
986 193 1193 234 FLACCI

356 312 430 360 Sit
451 312 620 359 modus
642 313 765 358 lasso
789 312 946 371 maris,
971 321 1019 359 et
1041 313 1239 373 viarum,

618 377 897 439 Militiaeque
916 379 924 424 !

353 444 493 492 Unde
518 444 556 490 si
581 444 743 490 Parcae
767 445 1017 505 prohibent
1041 444 1232 505 iniquae,

351 510 506 556 Dulce
530 511 703 573 pellitis
726 511 890 556 ovibus
914 510 1087 555 Galaesi

352 575 572 635 Flumen,
597 585 644 622 et
667 585 861 636 regnata
884 585 1042 637 petam
1065 574 1247 622 Laconi

615 641 754 686 Rura
778 642 1023 686 Phalanto.

352 706 440 753 Ille
464 715 695 752 terrarum
719 707 836 752 mihi
855 715 1027 768 praeter
1052 721 1220 752 omnes

355 773 578 833 Angulus
601 773 737 830 ridet,
763 773 844 818 ubi
869 788 966 818 non
992 771 1219 832 Hymetto

353 837 499 884 Mella
523 811 778 897 decedunt,
804 838 1032 898 viridique
1057 845 1206 884 certat

615 904 775 950 Bacca
798 904 1033 959 Venafro,·

353 969 451 1016 Ver
475 970 558 1014 ubi
582 969 794 1030 longum,
819 970 1096 1030 tepidasque
1116 968 1296 1030 praebet

351 1034 536 1096 Jupiter
561 1035 777 1091 brumas3
814 1043 861 1080 et
885 1034 1066 1079 amicus
1091 1034 1254 1080 Aulon

351 1100 517 1146 Fertili
542 1100 735 1146 Baccho
759 1098 1010 1146 minimum
1034 1098 1251 1146 Falernis

617 1165 808 1213 Invidet
831 1167 947 1212 uvis.

352 1231 440 1278 Ille
463 1240 509 1278 te
533 1247 722 1278 mecum
746 1234 879 1279 locus
904 1242 951 1278 et
974 1232 1123 1277 beatae

350 1297 598 1345 Postulant
622 1314 780 1345 arces:
818 1299 883 1344 ibi
907 1308 959 1344 tu
983 1298 1218 1343 calentem

349 1362 527 1411 Debita
550 1380 742 1427 sparges
765 1364 973 1425 lacryma
998 1363 1205 1409 favillam

614 1430 750 1478 Vatis
776 1430 931 1477 amici.

800 1689 940 1737 ODE
965 1691 1025 1738 V.

728 1805 794 1835 AD
819 1805 1095 1835 POMPEIUM.

349 1888 396 1936 Ο
420 1904 555 1935 sAEPE
581 1903 771 1934 mecum
794 1897 979 1949 tempus
1003 1887 1052 1932 in
1077 1887 1296 1933 ultimum

349 1954 586 2012 Deducte,
611 1953 758 2000 Bruto
782 1954 961 1999 militiae
986 1954 1125 2011 duce,

414 2021 542 2071 Quis
566 2030 612 2067 te
636 2020 881 2066 redonavit
902 2018 1146 2068 Quiritem

481 2086 571 2132 Dis
597 2086 777 2150 patriis,
804 2085 1018 2144 Italoque
1043 2085 1178 2142 ooelo,

350 2153 562 2213 Pompei,
588 2166 801 2199 meorum
825 2150 974 2211 prime
1001 2149 1233 2195 sodalium
1250 2150 1300 2195 ’ἔ

349 2218 475 2265 Cum
499 2234 591 2278 quo
615 2225 876 2265 morantem
902 2231 1026 2276 saepe
1053 2215 1180 2261 diem
1204 2230 1339 2263 mero

415 2283 575 2344 Fregi‚
601 2292 851 2331 coronatus
875 2282 1080 2327 nitentes

482 2348 780 2397 Malobathro
806 2348 941 2408 Syrio
966 2347 1196 2408 capillos?

350 2415 539 2462 Tecum
564 2417 804 2476 Philippos
823 2423 870 2459 et
894 2413 1096 2458 celerem
1123 2413 1283 2474 fugam

351 2482 507 2540 Sensi,
533 2483 698 2529 relicta
722 2496 817 2526 non
843 2480 963 2524 bene
987 2478 1219 2539 parmula,

414 2547 584 2597 Quum
612 2548 758 2593 fracta
782 2547 927 2591 virtus
951 2552 997 2589 et
1021 2544 1233 2588 minaces

482 2612 646 2675 Turpe
671 2613 822 2659 solum
845 2608 1044 2671 tetigere
1069 2618 1242 2655 mento.

351 2679 447 2725 Sed
471 2695 546 2726 me
570 2695 652 2740 per
678 2680 835 2725 hostes
861 2675 1129 2721 Mercurius
1153 2674 1279 2721 celer

351 2743 514 2791 Denso
537 2755 785 2806 paventem
812 2741 1000 2788 sustulit
1023 2744 1158 2786 aere:

415 2809 491 2855 Te
517 2826 680 2856 rursus
706 2811 753 2855 in
778 2808 954 2854 bellum
978 2806 1224 2852 resorbens

480 2875 621 2921 Unda
646 2876 774 2921 fretis
798 2874 904 2920 tulit
930 2871 1153 2918 aestuosis.

349 2938 477 3001 Ergo
500 2935 753 3002 obligatam
778 2939 923 2986 redde
949 2937 1054 2983 Jovi
1079 2937 1266 2998 dapem,

350 3004 609 3067 Longaque
635 3006 809 3051 sessum
835 3003 999 3050 militia
1023 3002 1146 3048 latus

417 3071 615 3134 Depone
641 3072 730 3116 sub
753 3071 884 3116 lauro
908 3083 1040 3114 mea:
1076 3083 1168 3113 nec

481 3138 631 3185 Parce
655 3137 788 3184 cadis
810 3134 891 3182 tib
918 3133 1176 3181 destinatis.

1687 508 1747 557 10

1685 837 1746 885 15

1679 1164 1746 1214 20

1592 2475 1737 2524 >10

1679 2804 1738 2851 15
