1841 3349
554 208 896 248 SATIRARUM
927 208 1036 248 LIB.
1067 209 1126 248 11.
1156 212 1194 249 7.
1614 215 1722 263 ¹39.

126 324 272 382 Dum,
296 341 398 387 quae
426 325 631 386 Crispini
657 327 818 372 docuit
843 342 918 371 me
937 326 1128 387 janitor,
1153 328 1258 374 edo.
1641 331 1708 378 45

125 393 154 414 “
175 391 283 436 Non
301 407 404 436 sum
427 392 685 447 moechuS,'’
708 392 789 436 ais,
843 391 1013 451 Neque
1033 408 1136 452 eg0,
1160 393 1368 453 hercule,
1385 394 1473 455 sur,
1492 395 1574 443 ubi
1597 411 1709 444 vasa

124 455 359 501 Praetereo
384 455 570 516 sapiens
595 466 832 516 argentea.
905 457 1043 501 Tolle
1068 458 1312 517 periclum,

123 520 153 565 J
158 537 232 566 am
254 537 368 581 vaga
392 521 601 581 prosiliet
626 521 782 566 fraenis
807 531 975 567 natura
1000 522 1203 568 remotiS.

123 585 267 631 Tune
288 586 401 630 mihi
427 586 663 644 dominus,
690 603 845 632 rerum
872 588 1080 649 imperiis
1105 588 1444 650 hominumque

122 651 220 697 Tot
243 652 476 711 tantisque
502 651 670 709 minor,
695 668 832 712 quem
861 662 931 698 ter
956 654 1164 699 vindicta
1187 667 1444 716 quaterque
1640 655 1708 704 50

120 715 349 777 Imposita
374 718 498 762 haud
527 734 729 778 uuquam
756 719 927 763 misera
954 719 1201 765 formidine
1226 721 1408 781 privet?

122 782 262 827 Adde
289 799 445 843 super,
466 783 605 828 dictis
628 784 751 843 quod
775 799 870 829 non
896 781 1044 830 levius
1068 785 1245 830 valeat:
1282 802 1394 832 nam

120 848 231 892 Sive
258 849 458 893 vicarius
482 858 568 905 est,
595 848 673 908 qui
699 865 830 894 servo
856 859 1001 909 paret,
1030 848 1095 895 uti
1122 866 1223 896 mos

119 913 287 959 Vester
313 914 391 971 ait,
418 929 501 959 seu
526 929 806 970 conservus3
844 915 926 960 tibi
952 916 1062 975 quid
1089 931 1190 960 sum
1218 916 1339 977 ego?
1406 915 1596 980 Nempe

108 978 216 1036 Tu,
243 979 357 1024 mihi
381 981 458 1040 qui
487 979 740 1039 imperitas,
768 980 872 1025 aliis
897 981 1041 1025 servis
1065 980 1222 1039 miser,
1251 991 1388 1042 atque
1640 983 1707 1031 55

118 1043 321 1090 Duceris
347 1055 396 1090 ut
420 1045 576 1089 nervis
602 1045 767 1090 alienis
794 1046 964 1091 mobile
988 1046 1184 1106 lignum.

117 1109 359 1158 Quisnam
386 1110 527 1171 igitur
552 1110 661 1155 libei
687 1112 704 1155 ’ἒ
743 1111 957 1172 Sapiens
983 1111 1070 1157 sibi
1095 1112 1175 1171 qui
1199 1111 1505 1173 imperiosus3

115 1175 280 1224 Quem
308 1192 458 1235 neque
485 1176 747 1236 pauperies,
774 1178 926 1236 neque
952 1193 1090 1234 mors,
1111 1193 1264 1238 neque
1290 1179 1476 1226 vincula
1498 1187 1704 1238 terrent3

117 1239 420 1301 Responsare
446 1241 765 1301 cupidinibus,
792 1252 1096 1288 contemnere
1121 1243 1322 1289 honores

117 1304 289 1364 Fortis,
314 1316 361 1352 et
385 1306 433 1350 in
459 1307 612 1367 seipso
638 1316 776 1364 totus,
801 1318 925 1353 teres
950 1319 1088 1368 atque
1113 1309 1357 1368 rotundus,
1638 1309 1706 1358 60

116 1370 314 1417 Externi
339 1387 398 1417 ne
422 1371 532 1431 quid
562 1372 709 1418 valeat
732 1389 814 1434 per
837 1373 939 1418 leve
964 1374 1165 1430 morari3

115 1435 175 1482 In
199 1453 339 1498 quem
364 1453 535 1483 manca
560 1438 653 1483 ruit
677 1454 861 1499 semper
887 1438 1109 1485 Fortuna.
1180 1438 1383 1486 Potesne

113 1501 190 1548 Ex
217 1503 287 1548 his
313 1513 362 1549 ut
384 1503 622 1564 proprium
647 1505 757 1564 quid
786 1506 1016 1550 noscere?
1083 1504 1314 1566 Quinque
1337 1505 1516 1553 talenta

115 1567 275 1615 Poscit
298 1578 344 1614 te
370 1569 553 1627 mulier,
581 1580 731 1628 vexat,
759 1570 1026 1631 foribusque
1051 1571 1291 1631 repulsum

115 1633 363 1680 Perfundit
382 1635 541 1696 gelida
561 1652 569 1680 :
608 1651 769 1680 rursus
793 1646 941 1682 vocat.
1011 1635 1156 1697 Eripe
1180 1637 1305 1698 turpi
1634 1637 1702 1686 65

114 1699 250 1746 Colla
269 1701 410 1762 jugo:
450 1705 477 1724 ‘⁶
496 1700 654 1758 Liber,
681 1701 798 1747 liber
823 1702 974 1759 sum,''
1002 1702 1080 1747 dic
1105 1717 1235 1763 age.»
1276 1700 1390 1748 Non
1414 1701 1547 1764 quis3

113 1764 261 1827 Urget
285 1767 412 1811 enim
438 1766 656 1811 dominus
682 1776 888 1812 mentem
913 1784 1009 1813 non
1029 1767 1164 1825 leniS,
1190 1777 1237 1813 et
1261 1783 1395 1814 acres

115 1831 361 1893 Subjectat
384 1832 506 1877 lasso
527 1833 755 1890 stimulos,
781 1843 1023 1894 versatque
1049 1843 1318 1894 negantem.

113 1897 221 1955 Vel,
246 1914 389 1958 quum
415 1898 648 1943 Pausiaca
672 1910 843 1959 torpes,
870 1899 1052 1956 insane,
1077 1899 1265 1953 tabella,

110 1962 215 2012 Qui*
241 1979 414 2023 peccas
439 1962 598 2008 minus
625 1973 761 2023 atque
782 1980 886 2025 ego,
910 1980 1055 2024 quum
1082 1964 1219 2010 Fulvi
1245 1964 1568 2026 Rutubaeque,
1635 1965 1701 2013 70

112 2028 212 2073 Aut
237 2028 528 2073 Placideiani
555 2038 777 2074 contento
800 2030 973 2090 poplite
999 2029 1140 2076 miror

112 2093 299 2151 Proelia,
325 2094 513 2138 rubrica
537 2094 664 2154 picta
689 2105 769 2140 aut
793 2096 1024 2151 carbone;
1063 2095 1187 2141 velut
1211 2096 1249 2141 si

111 2158 190 2205 Re
215 2161 324 2205 vera
350 2170 578 2221 pugnent,
605 2160 775 2206 feriant
798 2160 1036 2222 vitentque
1061 2170 1304 2207 moventes

112 2225 261 2271 Arma
285 2225 400 2270 viri?
469 2224 687 2286 Nequam
715 2236 760 2272 et
785 2236 990 2273 cessator
1015 2226 1204 2284 Davus3
1243 2237 1290 2274 at
1313 2226 1414 2289 ipse

111 2291 308 2337 Subtilis
334 2300 542 2337 veterum
563 2292 710 2353 judex
734 2300 780 2337 et
804 2293 1004 2338 callidus
1029 2292 1178 2339 audis.
1632 2295 1698 2342 70

110 2356 194 2402 Nil
220 2373 323 2419 ego,
350 2358 387 2403 si
413 2358 559 2403 ducor
583 2358 677 2404 libo
703 2358 939 2404 fumante:
976 2359 1061 2404 tibi
1086 2358 1256 2421 ingens
1281 2398 1306 2446 ἶ

110 2423 274 2469 Virtus
299 2433 437 2484 atque
463 2424 650 2471 animus
675 2424 823 2470 coenis
848 2436 1090 2485 responsat
1112 2424 1298 2486 opimis.

109 2487 407 2548 Obsequium
433 2489 607 2534 ventris
633 2490 747 2534 mihi
772 2490 1084 2550 perniciosius
1108 2500 1204 2536 est:
1241 2490 1359 2536 cur?

109 2553 272 2615 Tergo
296 2554 476 2613 plector
501 2555 643 2599 enim.
712 2554 816 2604 Qui
840 2565 891 2601 tu
917 2555 1190 2616 impunitioi·
1215 2556 1310 2612 illa,

108 2619 235 2668 Quae
261 2635 402 2679 parvo
428 2619 549 2663 sumi
575 2629 834 2679 nequeunt,
860 2636 1004 2680 quum
1028 2620 1226 2666 obsonia
1249 2620 1445 2680 captas?
1631 2619 1698 2668 SO

109 2684 295 2745 Nempe
321 2684 671 2729 inamarescunt
695 2685 844 2744 epulae
870 2685 972 2730 sine
998 2685 1090 2730 fine
1114 2685 1289 2745 petiae,

110 2750 340 2810 Illusique
364 2750 508 2809 perles
534 2748 750 2794 vitiosum
779 2749 896 2794 serre
921 2758 1145 2795 recusant

107 2816 306 2877 Corpus.
380 2815 456 2859 An
484 2814 561 2860 hic
585 2824 769 2875 peccat,
795 2815 882 2859 sub
906 2824 1093 2861 noctem
1117 2814 1195 2876 qui
1219 2830 1336 2876 puer
1359 2829 1498 2863 uvam
1542 2868 1552 2878 ι

110 2882 351 2928 Furtivam
377 2889 525 2926 mutat
551 2881 713 2942 strigili
737 2882 754 2926 2
790 2881 866 2941 qui
892 2881 1068 2941 praedia
1092 2881 1268 2938 vendit,

108 2948 191 2995 Nil
217 2946 400 3003 servile,
424 2946 546 3007 gulae
571 2962 757 3006 parens,
784 2947 956 2992 habet?
1026 2947 1183 3005 Adde,
1208 2944 1335 3007 quod
1359 2945 1486 2994 idem
1628 2944 1699 2994 85

107 3014 221 3061 Non
247 3013 408 3058 horam
434 3021 593 3057 tecum
617 3028 721 3057 esse
746 3022 905 3073 potes;
943 3028 1038 3059 non
1061 3012 1157 3059 otia
1180 3011 1310 3060 recte

107 3079 291 3128 Ponere
310 3095 320 3136 ;
359 3088 498 3139 teque
523 3077 679 3139 ipsum
703 3079 836 3138 vitas,
864 3078 1086 3142 fugitivus
1110 3088 1162 3125 ut
1183 3094 1304 3137 erro,
