1841 3349
615 128 948 175 CARMINUM
977 126 1087 166 LIB.
1118 126 1154 166 1.

711 315 851 366 ODE
886 315 1053 363 XXX.

602 433 668 465 AD
689 431 910 462 PLOTIUM
934 425 1189 461 NUMIDAM.
1249 439 1255 442 ·

529 515 606 562 ET
630 516 767 561 thure
791 522 838 559 et
861 513 1033 558 fidibus
1053 510 1184 572 juvat

334 586 531 634 Plaeare
568 590 615 627 et
638 580 770 626 vituli
795 579 1026 639 sanguine
1052 574 1212 621 debito

533 647 767 693 Custodes
791 644 839 690 Ν
844 645 1015 689 umidae
1040 643 1170 697 deOS,

335 716 440 768 Qui
463 729 593 762 nuno
619 711 854 772 Hesperia
879 725 1038 769 sospes
1062 707 1121 752 ab
1144 702 1313 751 ultima

537 779 673 824 Caris
698 776 844 822 multa
868 774 1121 830 sodalibus,

339 847 475 895 Nulli
497 845 632 908 plura
654 841 1004 900 tamen‚dividit
1027 837 1205 895 oscula,

537 908 704 960 Quam
729 908 854 954 dulei
880 906 1058 952 Lamiae
1078 921 1088 960 3
1127 915 1306 948 memor

344 981 483 1027 Actae
506 992 601 1023 non
627 975 716 1020 alio
741 989 851 1034 rege
876 972 1088 1033 puertiae,

543 1041 845 1100 Mutataeque
858 1038 996 1083 simul
1022 1046 1157 1096 togae.

343 1109 518 1158 Cressa
542 1124 603 1153 ne
628 1115 786 1152 eareat
810 1105 1007 1165 pulchra
1031 1102 1130 1147 dies
1157 1098 1296 1153 nota;

542 1172 653 1218 Neu
678 1180 902 1232 promptae
928 1169 1096 1214 modus
1116 1165 1359 1226 'amphorae
1380 1177 1390 1206 z

345 1241 459 1289 Neu
483 1254 661 1286 morem
686 1238 733 1282 in
761 1236 940 1281 Salium
966 1235 1024 1280 sit
1047 1233 1233 1292 requies
1251 1228 1455 1291 pedum:

548 1304 659 1350 Neu
685 1302 819 1348 multi
844 1300 1056 1346 Damalis
1082 1298 1200 1343 meri

347 1375 552 1422 Bassum
572 1369 805 1416 Threi'eia
831 1367 988 1413 vineat
1012 1363 1242 1425 amystide
1260 1378 1270 1408 :

546 1436 658 1482 Neu
683 1435 839 1480 desint
862 1433 1012 1495 epulis
1037 1447 1171 1488 rosae,

349 1505 463 1554 Neu
485 1504 620 1550 vivax
644 1501 819 1564 apium,
845 1515 939 1546 neu
960 1500 1099 1545 breve
1122 1496 1288 1543 lilium.

731 1765 871 1813 ODE
907 1763 1102 1810 XXXI.

764 1881 829 1911 AD
854 1878 1087 1911 SODALES,

392 1962 542 2015 NUNC
562 1972 634 2011 est
656 1963 933 2020 bibendum,
959 1976 1090 2006 nuno
1114 1959 1234 2021 pede
1257 1956 1406 2004 libero

395 2031 634 2081 Pulsanda
657 2030 820 2084 tellus3
858 2043 989 2074 nuno
1015 2025 1276 2071 Saliaribus

472 2098 658 2144 Ornare
682 2095 896 2157 pulvinar
922 2094 1118 2138 deorum

524 2162 740 2223 Tempus
764 2169 864 2206 erat
887 2158 1102 2220 dapibus,
1128 2154 1325 2203 sodales.

396 2229 618 2278 Antehac
642 2228 775 2274 nefas
800 2228 1073 2288 depromere
1098 2222 1361 2269 Caecubum

397 2297 545 2344 Cellis
570 2294 720 2352 avitis,
747 2294 860 2338 dum
886 2290 1120 2353 Capitolio

462 2361 657 2421 Regina
681 2360 925 2406 dementes
949 2356 1126 2413 ruinas,

531 2427 698 2473 Funus
722 2435 768 2472 et
786 2424 983 2486 imperio
1006 2421 1218 2484 parabat,

403 2493 738 2541 Contaminato
762 2507 872 2537 oum
896 2505 1039 2551 grege
1063 2486 1272 2548 turpium

402 2559 571 2606 Morbo
594 2559 813 2614 virorum,
839 2555 1067 2616 quidlibet
1091 2554 1325 2613 impotens

472 2625 688 2685 Sperare,
715 2622 994 2680 fortunaque
1021 2618 1148 2664 dulei

535 2688 693 2734 Ebria.
765 2687 862 2732 Sed
885 2684 1057 2730 minuit
1081 2683 1285 2727 furorem

406 2756 502 2803 Vix
525 2770 621 2800 una
646 2769 806 2814 sospes
830 2751 962 2797 navis
987 2749 1045 2795 ab
1070 2747 1260 2809 ignibus
1281 2760 1291 2790 ε

408 2822 716 2880 Mentemque
742 2818 1028 2879 lymphatam
1053 2811 1315 2859 Mareotico

473 2886 684 2947 Redegit
707 2885 753 2931 in
781 2898 915 2928 veros
940 2882 1131 2927 timores

546 2952 721 3009 Caesar,
748 2951 806 2996 ab
830 2948 970 2995 Italia
995 2947 1229 2992 volantem

413 3018 584 3065 Remis
609 3018 863 3078 adurgens,
890 3013 1112 3074 accipiter
1138 3009 1264 3055 velut

414 3083 584 3131 Molles
607 3083 866 3141 columbas,
891 3089 972 3128 aut
995 3079 1201 3140 leporem
1225 3073 1348 3120 citus

1516 116 1706 166 'affl

1673 1087 1734 1136 10

1680 1416 1741 1464 15

1702 2539 1764 2588 10

1707 2866 1768 2914 15
