1841 3349
610 165 943 211 CARMINUM
973 174 1080 215 LIB.
1112 177 1194 219 ΙΙΙ.

401 279 660 343 Ridetque,
681 286 719 330 si
745 291 952 336 mortalis
977 294 1100 340 ultra

465 346 559 392 Fas
583 351 796 410 trepidat.
856 355 1005 404 Quod
1031 361 1179 419 adest,
1206 375 1445 416 memento

335 408 634 471 Componere
660 431 848 476 aequus:
888 431 1058 469 caetera
1084 425 1295 475 fluminis

332 474 453 521 Ritu
480 477 708 538 feruntur,
735 498 865 529 nunc
890 489 1047 534 medio
1072 491 1203 538 alveo

399 540 525 587 Cum
550 559 668 603 pace
694 547 957 597 delabentis
983 553 1240 603 Etruscum

460 606 519 652 In
545 625 688 668 mare,
715 628 844 659 nunc
869 617 1050 678 lapides
1076 623 1244 669 adesos

280 678 290 681 ⁴
330 669 602 733 Stirpesque
627 686 784 737 raptas
808 689 853 725 et
877 699 1025 742 pecus
1049 695 1096 731 et
1119 688 1284 736 domos

326 734 573 783 Volventis
599 742 710 798 una,
737 760 831 788 non
858 748 960 792 sine
986 753 1220 800 montium

390 801 611 849 Clamore
636 806 897 869 vicinaeque
923 813 1066 873 silvae,

458 867 627 916 Quum
655 871 751 918 fera
776 875 975 923 diluvies
999 881 1182 940 quietos

324 929 484 978 Irritat
508 950 684 982 amnes.
757 938 846 986 Ille
870 952 1038 1003 potens
1063 948 1136 993 sui

322 995 575 1058 Laetusque
601 1002 758 1062 deget,
785 1007 864 1051 cui
888 1008 1000 1055 licet
1025 1011 1074 1057 in
1100 1014 1228 1062 diem

386 1062 592 1123 Dixisse,
620 1070 648 1089 “
667 1068 778 1114 Vixi
796 1072 821 1091 ’²
843 1088 852 1117 :
890 1089 995 1120 cras
1019 1078 1091 1123 vel
1112 1080 1214 1126 atr-‘22

452 1128 598 1176 Nube
622 1133 782 1192 polum
807 1137 946 1185 Pater
970 1154 1222 1205 occupato,

323 1192 407 1239 Vel
433 1195 529 1240 sole
553 1213 671 1257 puro
695 1216 704 1244 :
742 1217 838 1248 non
863 1212 1021 1253 tamen
1048 1209 1231 1258 irritum

311 1257 651 1322 Quodcunque
677 1275 798 1313 retro
823 1279 893 1315 est
917 1272 1117 1332 efficiet3
1155 1294 1310 1341 neque

377 1324 608 1387 Diffinget
632 1330 954 1396 infectumque
979 1340 1145 1387 reddet

441 1391 588 1440 Quod
616 1394 802 1457 fugiens
827 1403 971 1448 semel
997 1405 1112 1452 hora
1135 1409 1274 1458 vexit.

309 1453 536 1516 Fortuna,
563 1475 686 1507 saevo
709 1463 816 1511 laeta
840 1470 1046 1529 negotio,
1072 1481 1119 1519 et

307 1519 500 1568 Ludum
526 1524 807 1576 insolentem
832 1532 996 1581 ludere
1022 1539 1254 1601 pertinax,

376 1587 688 1638 Transmutat
714 1595 923 1645 incertos
948 1602 1167 1664 honores,

438 1653 586 1701 Nunc
610 1659 742 1717 mihi,
768 1677 899 1709 nunc
925 1667 1004 1713 alii
1030 1669 1250 1733 benigna.

303 1716 471 1765 Laudo
495 1733 795 1773 manentem:
834 1730 873 1775 si
899 1732 1078 1780 celeres
1102 1738 1252 1797 quatit

302 1782 508 1843 PennaS,
534 1788 725 1850 resigno
750 1808 853 1853 quae
879 1797 1025 1857 dedit,
1052 1810 1099 1846 et
1123 1804 1232 1851 mea.

367 1849 555 1897 Virtute
580 1869 656 1899 me
681 1856 880 1919 involvo,
906 1865 1195 1928 probamque

432 1915 713 1978 Pauperiem
739 1924 840 1970 sine
867 1928 974 1974 dote
999 1947 1171 1990 quaero.

298 1977 410 2025 Non
436 1990 507 2026 est
531 1998 707 2045 meum,
734 1989 772 2033 si
797 1993 978 2053 mugiat
1002 1996 1181 2044 Africis

297 2042 457 2091 Malus
481 2050 713 2109 procellis,
740 2055 799 2099 ad
824 2058 1018 2105 miseras
1042 2078 1210 2122 preces

360 2109 644 2173 Decurrere,
670 2127 717 2164 et
741 2121 857 2167 votis
879 2126 1058 2185 pacisci

424 2176 503 2223 Ne
529 2178 716 2243 Cypriae
741 2184 996 2250 Tyriaeque
1021 2208 1205 2242 merces

292 2239 491 2288 Addant
514 2260 652 2292 avaro
676 2249 861 2299 divitias
886 2257 1018 2304 mari.

289 2304 419 2352 Tum
445 2324 536 2367 me,
565 2311 756 2361 biremis
779 2322 998 2379 praesidio
1023 2327 1229 2388 scaphae,

354 2371 536 2420 Tutum
560 2393 643 2438 per
668 2380 860 2443 AEgaeos
883 2391 1114 2437 tumultus

417 2439 552 2488 Aura
576 2443 693 2492 feret
715 2451 1029 2516 geminusque
1054 2456 1236 2510 Pollux.

661 2716 801 2766 ODE
835 2723 1028 2777 XXIV.

277 2798 443 2857 Eum
467 2827 826 2867 monumentum
853 2839 944 2871 aere
967 2830 1240 2897 perennius,

276 2874 543 2938 Regalique
567 2881 659 2928 situ
683 2889 977 2945 pyramidum
1004 2895 1164 2956 altius3

275 2938 423 2989 Quod
449 2959 542 2990 non
568 2946 717 2995 imber
741 2953 877 3013 edax,
902 2972 999 3005 non
1024 2962 1201 3023 Aquilo
1223 2967 1458 3033 impotens

273 3004 430 3053 Possit
453 3009 653 3072 diruere,
679 3025 758 3062 aut
781 3018 1138 3075 innumerabilis

246 3114 251 3118 .
274 3069 526 3121 Annorum
549 3079 710 3140 serieS‚
735 3091 783 3130 et
807 3083 920 3148 fuga
942 3097 1219 3155 temporum.

1662 193 1731 240 59
