1841 3349
541 255 547 261 .
612 205 662 251 Q.
694 203 939 243 HORATII
968 203 1176 243 FLACCI

328 324 543 372 Nubium
568 332 772 370 tractus:
809 340 914 386 ego,
941 323 1040 385 apis
1065 322 1261 370 Matinae

727 389 861 436 More
889 390 1137 449 modoque,

327 455 475 502 Grata
498 452 735 518 carpentis
760 457 918 516 thyma
944 471 1026 516 per
1051 454 1259 500 laborem

330 521 609 578 Plurimum,
636 522 763 567 circa
790 537 959 566 nemus
984 520 1206 580 uvidique

331 586 526 633 Tiburis
551 587 674 648 ripas
698 602 892 647 operosa
917 601 1090 646 parvus

727 652 952 696 Carmina
979 650 1117 712 fingo.

329 718 571 764 Concines
596 717 770 778 majore
795 721 935 778 poeta
958 716 1137 777 plectro

330 784 585 841 Caesarem‚
611 783 892 844 quandoque
917 783 1069 827 trahet
1096 782 1274 827 feroces

331 849 421 896 Per
440 865 627 895 sacrum
654 849 842 905 olivum,
868 849 1035 893 merita
1060 848 1260 893 decorus

727 913 933 971 Fronde,
961 913 1257 968 Sicambros;

327 980 444 1030 Quo
467 980 583 1025 nihil
610 979 763 1040 majus
788 980 1012 1024 meliusve
1036 979 1172 1024 terris

331 1045 451 1092 Fata
476 1044 728 1102 donavere,
755 1045 957 1104 bonique
983 1044 1093 1101 divi,

331 1111 439 1158 Neo
464 1112 661 1169 dabunt,
686 1111 898 1171 quamvis
923 1111 1119 1155 redeant
1142 1109 1191 1154 in
1218 1122 1383 1154 aurum

729 1175 970 1236 Tempora
993 1176 1215 1236 priscum.

332 1242 572 1289 Concines
597 1243 820 1302 laetosque
845 1242 946 1286 dies
965 1251 1011 1286 et
1035 1241 1175 1286 Urbis

332 1309 583 1355 Publioum
609 1308 791 1365 ludum,
817 1323 955 1367 super
982 1307 1229 1368 impetrato

333 1374 489 1421 Fortis
513 1374 720 1434 Augusti
746 1373 914 1429 reditu,
942 1373 1185 1432 forumque

728 1438 913 1483 Litibus
937 1437 1117 1483 orbum.

331 1504 461 1551 Tum
487 1520 604 1550 meae
633 1503 694 1564 (si
719 1504 830 1564 quid
857 1503 1017 1563 loquar
1042 1502 1357 1565 audiendum)

331 1570 478 1617 Vocis
502 1570 700 1615 accedet
726 1570 848 1614 bona
872 1585 1004 1629 pars3
1043 1578 1106 1627 et,
1129 1585 1158 1615 o
1183 1567 1263 1613 Sol

332 1635 564 1685 Pulcher!
602 1652 631 1682 o
653 1635 916 1681 laudande!
955 1650 1142 1693 canam,
1167 1640 1358 1694 recepto

728 1700 916 1745 Caesare
943 1700 1065 1745 felix.

332 1766 505 1827 Tuque
530 1766 641 1810 dum
668 1766 900 1825 procedis,
927 1769 955 1788 “
976 1765 1030 1810 Io
1055 1765 1290 1824 triumphe
1307 1763 1349 1808 !'’

331 1831 443 1878 Non
469 1831 611 1877 semel
638 1832 868 1887 dicemus,
896 1834 923 1852 “
943 1829 997 1875 Io
1022 1831 1257 1889 triumphe
1275 1829 1317 1875 !’'

334 1897 513 1945 Civitas
536 1897 707 1954 omnis,
734 1897 1042 1955 dabimusque
1068 1895 1187 1940 divis

730 1961 896 2006 Thura
923 1961 1154 2021 benignis,

334 2028 411 2075 Te
435 2028 602 2074 decem
628 2027 748 2073 tauri
774 2027 1064 2086 totidemque
1089 2041 1262 2084 vaccae,

335 2092 418 2139 Me
441 2102 575 2138 tener
601 2093 746 2137 solvet
770 2092 956 2147 vituluS,
983 2092 1148 2137 relicta

335 2157 507 2216 Matre,
532 2158 611 2218 qui
635 2157 776 2218 largis
795 2156 1062 2216 juvenescit
1087 2155 1244 2201 herbis

732 2221 789 2266 In
819 2238 922 2266 mea
947 2230 1065 2278 vota,

337 2288 514 2334 Fronte
538 2296 754 2333 curvatos
781 2287 986 2332 imitatus
1010 2287 1144 2347 ignes

338 2353 558 2399 Tertium
586 2353 736 2398 Lunae
762 2353 1013 2398 referentis
1036 2361 1207 2409 ortum,

337 2417 454 2470 Qua
478 2428 637 2465 notam
664 2418 797 2464 duxit
822 2419 986 2463 niveus
1012 2416 1176 2475 videri,

733 2484 920 2530 Caetera
944 2483 1109 2528 fulvus.

779 2743 919 2790 ODE
954 2742 1022 2789 II.

679 2857 745 2888 AD
770 2854 1133 2888 MELPOMENEN.

537 2938 699 2988 Quem
724 2949 792 2997 tu,
819 2939 1134 3000 Melpomene,
1159 2934 1303 2986 semel

280 3003 568 3052 Nascentem
595 3005 782 3064 placido
808 3005 987 3050 lumine
1011 3003 1196 3060 videris,

543 3068 685 3114 Illum
713 3085 805 3115 non
833 3070 959 3114 labor
986 3068 1212 3114 Isthmius

279 3134 493 3182 Clarabit
514 3134 740 3197 pugilem,
765 3149 859 3181 non
884 3148 1033 3195 equus
1055 3134 1256 3197 impiger

1659 516 1724 564 30

1660 1825 1726 1871 50

1662 2477 1728 2524 60
