1841 3349
617 131 949 171 CARMINUM
978 133 1086 173 LIB.
1117 135 1152 173 Ι.

120 217 306 294 Pallida
331 235 464 295 Mors
483 264 616 312 aequo
637 250 792 312 pulsat
813 252 935 312 pede
958 268 1218 314 pauperum
1241 255 1478 315 tabernas,

257 314 541 376 Regumque
564 324 728 361 turres.
799 315 845 361 O
865 316 999 362 beate
1026 318 1173 376 Sexti,

125 378 250 426 Vitae
275 395 458 425 summa
482 380 633 426 brevis
653 397 784 442 spem
808 398 893 428 nos
918 390 1041 428 vetat
1065 383 1289 431 inchoare
1313 385 1533 448 longam:

256 444 286 489 J
290 461 366 490 am
389 454 435 490 te
459 455 640 506 premet
663 462 772 505 nox,
798 447 1057 508 fabulaeque
1084 448 1270 507 Manes,

125 508 188 556 Et
210 510 377 556 domus
400 511 535 556 exilis
559 511 805 568 Plutonia3
843 510 935 574 quo
962 514 1100 560 simul
1126 516 1314 575 mearis‚

254 574 367 622 Non
391 592 538 638 regna
560 578 656 623 vini
681 577 876 625 sortiere
901 579 1019 625 talis

769 837 908 884 ODE
933 838 991 885 V.

496 953 562 984 AD
597 952 650 983 M.
687 951 960 983 VIPSANIUM
996 952 1264 986 AGRIPPAM.

253 1037 521 1083 Scmnssms
546 1034 692 1079 Vario
717 1034 861 1091 fortiS,
888 1043 934 1079 et
953 1035 1157 1081 hostium

251 1102 432 1158 Victor,
458 1099 653 1145 Maeonii
678 1099 901 1144 carminis
927 1100 1039 1158 aliti,

249 1167 413 1217 Quam
436 1181 535 1210 rem
561 1180 748 1224 cunque
773 1165 906 1210 ferox
930 1139 1128 1212 navibus
1152 1177 1233 1214 aut
1256 1169 1389 1230 equis

515 1228 656 1275 Miles
680 1237 726 1274 te
751 1230 873 1275 duce
898 1232 1107 1291 gesserit.

248 1296 367 1354 Nos,
393 1295 622 1357 Agrippa,
643 1311 796 1356 neque
821 1296 923 1340 haec
948 1296 1120 1355 dicere,
1146 1314 1238 1344 nec
1260 1315 1450 1362 gravem

247 1362 424 1408 Pelidae
448 1361 742 1407 stomachum
766 1361 936 1406 cedere
960 1362 1125 1421 nescii,

246 1427 356 1474 Nec
379 1443 545 1473 cursus
569 1427 770 1488 duplicis
793 1443 876 1488 per
900 1443 1028 1473 mare
1053 1428 1257 1490 Ulyssei',

510 1491 617 1538 Nec
641 1508 811 1538 saevam
836 1492 1022 1554 Pelopis
1047 1494 1255 1554 domum,

244 1559 504 1616 Conamur,
528 1567 697 1604 tenues
721 1559 944 1619 grandia:
983 1560 1096 1605 dum
1119 1562 1286 1621 pudor,

245 1624 549 1686 Imbellisque
574 1624 684 1684 lyrae
711 1623 852 1670 Musa
875 1634 1042 1686 potens
1065 1635 1191 1673 vetat

243 1690 432 1737 Laudes
456 1689 634 1751 egregii
658 1689 876 1748 Caesaris,
901 1699 948 1736 et
971 1700 1091 1750 tuaS‚

506 1754 662 1816 Culpa
685 1756 898 1802 deterere
922 1755 1099 1819 ingeni.

239 1821 369 1871 Quis
393 1819 598 1867 Martem
621 1822 785 1867 tunica
809 1831 988 1868 tectum
1013 1823 1321 1870 adamantina

242 1885 404 1948 Digne
431 1887 701 1948 scripserit?
738 1895 818 1932 aut
840 1888 1030 1948 pulvere
1055 1887 1102 1933 T
1105 1891 1206 1935 roi'o

241 1951 449 2016 Nigrum
472 1951 759 1997 Merionen?
796 1962 875 1998 aut
898 1969 986 2013 ope
1011 1953 1215 2000 Palladis

506 2016 730 2078 Tydiden
755 2018 936 2079 superis
959 2020 1155 2078 parem?

734 2277 874 2325 ODE
897 2278 984 2325 VI.
1047 2327 1051 2329 ,

341 2393 409 2423 AD
443 2391 717 2424 MUNATIUM
751 2391 1003 2437 PLANCUM,
1040 2393 1386 2427 CONSULAREM.

171 2475 485 2523 LAUDABUNT
511 2475 589 2521 alii
613 2475 787 2521 claram
814 2475 1041 2534 Rhodon,
1068 2485 1148 2522 aut
1172 2475 1455 2538 Mitylenen,

369 2541 469 2587 Aut
491 2540 751 2601 Ephesum,
777 2541 1025 2587 bimarisve
1050 2542 1268 2589 Corinthi

170 2605 368 2665 Moenia,
392 2606 464 2651 vel
489 2606 681 2651 Baccho
706 2605 917 2664 Thebas,
945 2607 1016 2652 vel
1042 2607 1264 2675 Apolline
1288 2608 1499 2669 Delphos

366 2670 603 2732 Insignes,
629 2680 709 2715 aut
733 2670 970 2716 Thessala
993 2665 1193 2732 Tempe.

168 2737 293 2786 Sunt
315 2737 482 2799 quibus
506 2751 654 2781 unum
677 2751 794 2796 opus
819 2744 890 2781 est
914 2736 1103 2782 intactae
1129 2736 1336 2785 Palladis
1361 2755 1493 2786 arces

365 2802 589 2849 Carmine
612 2810 837 2863 perpetuo
862 2801 1118 2861 celebrare,
1143 2812 1190 2849 et

167 2867 388 2931 Undique
412 2869 683 2930 decerptam
708 2867 847 2913 fronti
871 2883 1143 2929 praeponere
1166 2869 1350 2915 olivam.

368 2934 622 2991 Plurimus,
648 2934 697 2979 in
723 2932 751 2978 J
757 2933 928 2979 unonis
952 2935 1197 2993 honorem,

168 3000 348 3064 Aptum
372 3000 488 3046 dicit
510 3000 642 3061 equis
665 2999 838 3061 ArgOS,
859 3000 1070 3061 ditesque
1095 2999 1339 3062 Mycenas.

363 3064 447 3112 Me
471 3081 563 3112 nec
585 3075 682 3113 tam
704 3066 889 3129 patiens
909 3065 1243 3126 Lacedaemon,

430 3131 455 3178 1
476 3129 506 3158 ιιι

1639 388 1699 435 15

1636 1628 1698 1678 10

1632 1955 1694 2005 15

1618 3055 1678 3101 10
