1841 3349
674 195 725 242 Q.
756 195 998 235 HORATII
1026 193 1233 235 FLACCI

265 313 368 361 Nos
390 323 551 361 manet
574 315 801 361 Oceanus
825 315 1005 361 circum
1031 331 1178 375 vagus
1202 330 1311 360 arva
1332 330 1341 359 :
1379 313 1515 360 beata

331 380 552 426 Petamus
577 396 700 438 arva,
727 380 892 426 divites
916 390 964 426 et
988 380 1180 438 insulas,

266 445 449 492 Reddit
472 446 552 491 ubi
578 446 801 492 Cererem
827 445 964 491 tellus
989 446 1168 490 inarata
1191 444 1456 505 quotannis,

331 511 393 557 Et
416 512 642 573 imputata
666 510 797 556 floret
820 525 967 570 usque
993 511 1143 566 vinea,

263 577 510 623 Germinat
534 586 580 622 et
603 591 843 635 nunquam
872 575 1073 621 fallentis
1099 584 1269 620 termes
1293 575 1445 633 olivae,

331 641 569 702 Suamque
593 641 721 702 pulla
745 641 862 686 ficus
886 649 1020 685 ornat
1046 640 1274 697 arborem,

265 706 412 753 Mella
435 708 550 753 cava
576 716 769 752 manant
793 722 851 752 ex
877 706 1002 763 ilice,
1028 706 1266 751 montibus
1291 705 1397 750 altis

330 773 470 818 Levis
495 782 716 834 crepante
740 772 930 832 lympha
955 771 1108 816 desilit
1131 772 1265 832 pede.

264 837 370 884 Illic
394 839 582 900 injussae
607 839 803 883 veniunt
827 838 885 882 ad
911 836 1110 881 mulctra
1134 836 1341 896 capellae,

331 904 591 965 Refertque
616 913 746 950 tenta
769 919 883 963 grex
907 902 1087 947 amicus
1112 902 1282 956 ubera;

265 969 373 1015 Nec
397 970 689 1030 vespertinus
714 968 1042 1027 circumgemit
1067 983 1201 1012 ursus
1225 966 1363 1024 ovile,

329 1033 438 1080 Nec
463 1034 739 1081 intumescit
763 1034 855 1078 alta
879 1032 1048 1093 viperis
1073 1033 1271 1087 humus;

264 1099 412 1146 Nulla
435 1109 608 1147 nocent
632 1099 789 1161 pecori
815 1098 1049 1158 contagia,
1075 1097 1250 1143 nullius
1277 1096 1384 1142 astri

329 1164 541 1228 Gregem
568 1175 767 1211 aestuosa
789 1173 933 1210 torret
957 1163 1242 1224 impotentia.

264 1235 498 1294 Pluraque
523 1226 691 1278 felices
707 1230 1010 1284 mirabimur3
1048 1237 1097 1274 ut
1122 1244 1274 1288 neque
1294 1227 1437 1289 largis

330 1302 550 1361 Aquosus
575 1297 730 1343 Eurus
755 1312 862 1341 arva
886 1296 1019 1340 radat
1044 1294 1286 1351 imbribus,

264 1365 466 1428 Pinguia
490 1379 580 1409 nec
604 1362 743 1408 siccis
768 1370 962 1406 urantur
987 1359 1168 1405 semina
1190 1359 1356 1419 glebis,

329 1432 590 1489 Utrumque
615 1443 726 1489 rege
750 1434 1042 1487 temperante
1068 1424 1291 1469 coelitum.

264 1497 376 1544 Non
402 1498 495 1542 huc
522 1496 682 1554 Argoo
707 1492 949 1538 contendit
973 1491 1149 1551 remige
1174 1490 1330 1551 pinus,

330 1562 499 1622 Neque
519 1559 759 1620 impudica
782 1557 975 1617 Colchis
999 1555 1156 1601 intulit
1178 1556 1373 1616 pedem·
1363 1590 1375 1611 ,

266 1627 380 1675 Non
405 1628 498 1673 huc
525 1624 708 1670 Sidonii
734 1631 969 1669 torserunt
994 1637 1172 1667 cornua
1195 1629 1369 1678 nautae,

328 1692 584 1740 Laboriosa
607 1705 697 1736 nec
723 1690 893 1735 cohors
912 1687 1099 1748 Ulyssei'
1117 1703 1125 1732 ε

263 1759 447 1820 Jupiter
472 1758 551 1803 illa
573 1756 662 1816 piae
686 1754 885 1800 secrevit
908 1753 1062 1798 littora
1084 1752 1230 1812 genti,

329 1824 394 1870 Ut
417 1822 677 1883 inquinavit
702 1836 792 1865 aere
817 1829 1000 1890 tempus
1025 1832 1247 1871 aureum3

265 1889 398 1947 AEre,
424 1888 597 1934 dehinc
624 1887 743 1932 ferro
767 1884 949 1930 duravit
973 1882 1161 1939 saecula,
1187 1896 1386 1942 quorum

330 1928 429 2001 Piis
453 1952 679 2010 secunda,
706 1959 808 1996 vate
834 1965 927 2007 me,
952 1949 1087 1994 datur
1113 1947 1236 2009 fuga.

811 2243 950 2290 ODE
985 2242 1106 2289 XII.

782 2359 846 2388 AD
873 2357 1137 2388 CANIDIAM.

839 2464 1077 2490 HORATIUS.

399 2538 429 2585 J
434 2554 505 2585 AM
526 2537 622 2599 jam
642 2536 823 2582 efficaci
849 2537 908 2582 do
932 2551 1100 2580 manus
1126 2533 1362 2579 scientiae·
1351 2568 1362 2589 ,

403 2604 612 2665 Supplex
635 2613 682 2648 et
704 2618 785 2648 oro
809 2618 954 2663 regna
977 2617 1058 2662 per
1085 2600 1395 2660 Proserpinae,

400 2669 490 2716 Per
509 2678 556 2714 et
580 2667 749 2714 Dianae
774 2684 869 2713 non
894 2666 1124 2712 movenda
1159 2664 1371 2721 numina,

401 2734 490 2780 Per
517 2743 654 2794 atque
679 2733 822 2779 libros
846 2733 1109 2778 carminum
1137 2729 1391 2775 valentium

401 2799 573 2845 Refixa
596 2799 716 2844 coelo
740 2799 966 2844 devocare
991 2797 1158 2852 sidera,

403 2864 622 2922 Canidia,
647 2879 788 2924 parce
813 2864 1005 2909 vocibus
1028 2860 1218 2906 tandem
1244 2860 1408 2917 sacris,

403 2928 655 2987 Citumque
680 2939 802 2974 retro
829 2929 971 2984 solve,
996 2926 1136 2981 solve,
1164 2924 1414 2970 turbinem.

405 2992 554 3038 Movit
578 3001 795 3052 nepotem
821 2993 1063 3052 Telephus
1088 2989 1337 3048 Neretum,

404 3056 463 3103 In
486 3073 625 3118 quem
649 3058 876 3118 superbus
899 3056 1138 3102 ordinarat
1162 3055 1353 3115 agmina

406 3121 667 3184 Mysorum,
691 3131 739 3168 et
761 3122 811 3168 in
834 3136 974 3182 quem
997 3120 1090 3167 tela
1113 3129 1254 3166 acuta
1275 3124 1484 3166 torserat.

1721 3115 1781 3162 10
