1841 3349
624 180 678 227 Q.
706 177 952 221 nonam
977 140 1195 222 abacos

724 361 866 410 ODE
899 363 1093 411 XXIX.

573 475 639 508 AD
662 477 936 508 FORTUNAM
960 477 1236 509 ANTIATEM.

344 558 392 606 O
415 574 546 606 DNA.
574 571 758 620 gratum
784 574 888 620 quae
914 562 1036 622 regis
1061 561 1280 619 Antium,

346 625 562 674 Praesens
586 625 657 672 vel
683 626 778 670 imo
801 626 962 671 tollere
987 627 1044 671 de
1069 627 1220 686 gradu

411 689 612 737 Mortale
635 706 821 752 corpus,
846 691 916 736 vel
943 691 1169 753 superbos

477 756 676 802 Vertere
701 756 943 808 funeribus
967 757 1254 818 triumphos:

346 820 424 868 Te
445 837 622 884 pauper
647 822 793 867 ambit
817 822 1017 868 sollicita
1042 838 1184 883 prece

345 887 496 934 Ruris
519 887 740 943 colonus3
777 896 822 933 te
848 888 1087 933 dominam
1113 888 1326 961 aequoris,

414 952 709 1012 Quicunque
730 924 938 1013 'Rithyna
963 954 1153 1000 lacessit
1235 964 1239 975 “

477 1017 785 1079 Carpathium
810 1019 1004 1079 pelagus
1028 1018 1203 1064 carina.

345 1082 423 1131 Te
445 1082 609 1129 Dacus
633 1098 782 1144 asper,
809 1091 853 1128 te
876 1084 1060 1145 profugi
1087 1085 1292 1145 Scythae,

346 1149 608 1210 Urbesque‚
633 1158 908 1210 gentesque,
934 1159 981 1196 et
1006 1150 1195 1196 Latium
1220 1150 1364 1208 ferox,

416 1215 704 1276 Regumque
729 1224 900 1261 matres
925 1216 1244 1274 barbarorum,
1270 1223 1317 1262 et

476 1280 706 1342 Purpurei
731 1290 948 1327 metuunt
972 1282 1176 1342 tyranni,

345 1345 581 1408 Injurioso
604 1362 666 1392 ne
689 1347 809 1407 pede
834 1363 1026 1408 proruas

347 1413 562 1460 Stantem
586 1412 874 1472 columnam,
898 1429 994 1459 neu
1017 1413 1217 1475 populus
1240 1412 1458 1474 frequens

413 1478 494 1524 Ad
517 1493 647 1524 arma
670 1488 909 1525 cessantes
933 1480 992 1524 ad
1017 1495 1146 1527 arma

478 1543 714 1602 Concitet,
740 1545 1082 1606 imperiumque
1108 1545 1304 1605 frangat.

347 1608 424 1656 Te
448 1624 631 1670 semper
655 1610 803 1656 anteit
826 1626 948 1656 saeva
972 1610 1262 1668 NecessitaS,

347 1674 518 1722 Clavos
540 1675 744 1720 trabales
767 1684 814 1721 et
838 1691 1016 1722 cuneos
1039 1691 1185 1722 manu

413 1740 619 1787 Gestans
644 1740 825 1797 ahena;
863 1757 954 1786 nec
978 1757 1166 1786 severus

477 1805 643 1852 Uncus
667 1805 815 1865 abest,
840 1806 1164 1868 liquidumque
1187 1804 1446 1868 plumbum.

344 1870 422 1919 Te
448 1872 567 1933 Spes
590 1879 638 1916 et
662 1871 768 1918 albo
793 1888 897 1917 rara
922 1872 1067 1918 Fides
1092 1871 1203 1917 colit

344 1937 515 1984 Velata
536 1952 720 1998 panno3
759 1953 849 1983 nec
873 1938 1093 1983 comitem
1118 1937 1336 1998 abnegat,

411 2002 666 2063 Utcunque
689 2003 870 2049 mutata
892 2012 1108 2064 potentes

478 2068 625 2114 Veste
650 2067 813 2114 domos
839 2068 1031 2113 inimica
1054 2067 1240 2127 linquis.

346 2133 414 2180 At
435 2133 603 2194 vulgus
628 2129 828 2180 infidum
853 2142 899 2178 et
924 2133 1144 2178 meretrix
1167 2140 1290 2178 retro

348 2198 546 2260 Perjura
567 2200 720 2246 cedit:
757 2198 1013 2260 diffugiunt
1036 2198 1166 2244 cadis

412 2263 538 2310 Cum
563 2264 678 2312 faece
703 2263 891 2310 siccatis
916 2264 1073 2322 amici,

478 2328 623 2377 Ferre
645 2332 811 2393 jugum
836 2330 1007 2391 pariter
1033 2328 1193 2375 dolosi.

346 2395 514 2443 Serves
534 2396 708 2443 iturum
734 2395 972 2441 Caesarem
1001 2395 1047 2440 in
1072 2394 1261 2440 ultimos

345 2459 490 2508 Orbis
513 2461 780 2519 BritannoS,
806 2470 852 2506 et
872 2461 1097 2522 juvenum
1124 2473 1290 2506 recens

411 2525 625 2574 Examen
650 2527 764 2574 Eoi's
789 2527 1050 2572 timendum

481 2591 713 2651 Partibus,
738 2592 1030 2652 Oceanoque
1055 2590 1235 2637 Rubro.

345 2656 508 2704 Eheu!
547 2659 821 2706 cicatricum
847 2667 893 2704 et
917 2657 1108 2703 sceleris
1131 2656 1292 2718 pudet,

348 2721 671 2785 Fratrumque.
740 2723 875 2772 Quid
900 2739 986 2769 nos
1011 2723 1127 2768 dura
1150 2718 1408 2782 refugimus

413 2788 581 2834 AEtas‘?
616 2790 725 2849 quid
754 2790 981 2835 intactum
1007 2787 1176 2833 nefasti

421 2902 426 2907 ,
476 2853 752 2914 Liquimus?
788 2855 914 2900 unde
939 2867 1131 2899 manum
1151 2851 1373 2912 juventus

346 2916 483 2964 Metu
506 2919 702 2965 deorum
726 2919 991 2966 continuit?
1025 2917 1194 2978 quibus

347 2982 565 3046 Pepercit
587 2985 679 3030 aris
693 2985 726 3030 Ἰ.
746 3020 754 3030 .
775 3021 783 3029 .
809 2984 855 3030 O
880 2984 1058 3030 utinam
1081 2982 1202 3030 nova

414 3048 598 3097 Incude
623 3049 840 3111 diffingas
863 3058 1072 3094 retusum
1097 3048 1145 3093 in

479 3113 771 3178 Massagetas
795 3114 1069 3174 Arabasque
1094 3111 1294 3160 ferrum!

1672 1149 1730 1195 10

1671 1477 1730 1522 15

1664 1802 1731 1849 20
