1841 3349
651 151 985 192 CARMINUM
1014 154 1123 194 LIB.
1155 155 1189 195 Ι.

350 271 595 318 Proximos
619 270 685 316 illi
710 280 869 317 tamen
893 274 1143 335 occupavit

612 336 767 382 Pallas
793 338 1007 383 honores.

347 401 533 448 Proeliis
557 403 726 459 audax,
752 419 906 462 neque
931 413 975 449 te
1001 404 1164 463 silebo,

346 467 506 526 Liber,
532 477 578 513 et
602 468 736 513 saevis
761 468 955 514 inimica
978 470 1108 530 virgo

347 533 551 590 Belluis3
589 550 680 579 nec
704 543 748 578 te
775 535 1028 580 metuende
1053 535 1186 581 certa

610 599 788 644 Phoebe
813 600 996 661 sagitta.

347 663 519 710 Dicam
543 673 591 710 et
616 665 851 722 Alciden;
890 682 1152 727 puerosque
1178 666 1340 726 Ledae,

346 729 495 776 Hunc
519 731 667 790 equis,
696 730 824 775 illum
851 748 1070 791 superare
1094 733 1266 793 pugnis

347 795 599 842 Nobilem:
636 811 831 855 quorum
859 796 996 841 simul
1023 797 1127 843 alba
1150 798 1307 845 nautis

612 861 758 906 Stella
782 862 977 921 refulsit,

345 926 524 973 Defluit
548 927 671 972 saxis
696 928 898 988 agitatus
924 929 1118 985 humor3

345 993 622 1039 Concidunt
646 994 788 1050 venti,
815 994 1093 1054 fugiuntque
1118 995 1270 1040 nubes
1285 1011 1296 1052 ;

346 1059 409 1105 Et
432 1060 608 1116 minax,
634 1075 744 1103 nam
769 1059 836 1103 sic
863 1058 1068 1118 voluere,
1094 1070 1239 1122 ponto

609 1123 750 1169 Unda
774 1126 1019 1171 recumbit.

342 1188 602 1235 Romulum
628 1200 731 1250 post
757 1191 840 1235 hos
863 1188 1010 1251 prius,
1037 1208 1094 1238 an
1121 1194 1328 1254 quietum
1361 1203 1365 1206 *

344 1254 546 1315 Pompili
574 1271 771 1315 regnum
797 1271 1070 1316 memorem,
1098 1275 1157 1304 an
1183 1261 1406 1321 superbos

342 1318 576 1381 Tarquini
604 1321 770 1378 fasces,
797 1321 975 1379 dubito,
1001 1340 1062 1369 an
1089 1324 1285 1372 Catonis

605 1385 781 1432 Nobile
807 1387 968 1433 letum.

341 1451 600 1513 Regulum,
626 1461 673 1498 et
699 1453 919 1511 ScaurOS‚
945 1455 1207 1517 animaeque
1231 1473 1416 1520 magnae

342 1517 601 1579 Prodigum
626 1518 844 1577 Paulum,
871 1531 1121 1581 superante
1147 1522 1310 1584 Poeno,

339 1583 514 1630 Gratus
534 1584 707 1645 insigni
733 1585 932 1631 referam
958 1587 1207 1647 Camoena,

607 1650 987 1712 Fabriciumque.

342 1715 505 1773 Hunc,
531 1724 578 1761 et
602 1716 851 1777 incomptis
876 1718 1074 1764 Curium
1100 1720 1296 1782 capillis,

339 1780 519 1827 Utilem
544 1782 668 1827 bello
694 1782 817 1841 tulit,
843 1792 890 1829 et.
914 1783 1188 1846 Camillum,

340 1847 476 1893 Saeva
499 1856 764 1909 paupertas,
790 1858 837 1895 et
861 1850 1011 1896 avitus
1037 1861 1145 1913 apto

612 1912 736 1958 Cum
761 1914 857 1959 lare
884 1915 1070 1962 fundus,

341 1977 528 2024 Crescit
551 1979 740 2024 occulto
764 1979 891 2024 velut
915 1980 1050 2026 arbor
1076 1997 1175 2028 aevo
1287 2009 1304 2029 ε

339 2043 489 2091 Fama
515 2042 760 2088 Marcelli:
798 2044 942 2089 micat
966 2045 1087 2092 inter
1111 2063 1278 2095 omnes

343 2107 524 2154 Julium
551 2109 696 2165 sidus,
723 2109 849 2155 velut
874 2110 994 2156 inter
1020 2112 1154 2173 ignes

604 2174 742 2220 Luna
766 2175 987 2222 minores.

337 2240 506 2286 Gentis
531 2240 751 2286 humant-e
776 2250 906 2302 pater
931 2251 1069 2304 atque
1095 2253 1270 2305 custos,

338 2304 456 2351 Orte
485 2306 704 2364 Saturno,
730 2307 814 2353 tibi
839 2324 953 2354 cura
976 2310 1137 2371 magni

337 2370 540 2417 Caesaris
565 2373 670 2417 fatis
697 2373 805 2419 data
820 2390 831 2429 3
869 2383 919 2419 tu
945 2377 1155 2423 secundo

601 2438 792 2484 Caesare
818 2455 1000 2501 regnes.

337 2501 442 2561 Ille,
468 2519 552 2548 seu
576 2503 775 2550 Parthos
801 2505 936 2552 Latio
960 2507 1264 2555 imminentes

337 2566 503 2628 Egerit
521 2569 646 2629 justo
671 2571 870 2616 domitos
894 2572 1146 2634 triumpho,

337 2633 448 2678 Sive
473 2634 708 2693 subjectos
732 2636 945 2682 Orientis
969 2654 1062 2683 orae
1160 2637 1175 2647 “

605 2699 745 2744 Seras
770 2709 816 2744 et
840 2700 1001 2759 Indos,

336 2762 412 2809 Te
438 2764 590 2809 minor
614 2764 759 2810 latum
785 2776 917 2826 reget
943 2783 1102 2827 aequus
1125 2768 1316 2817 orbem:

336 2827 415 2875 Tu
441 2830 569 2890 gravi
596 2846 735 2875 curru
761 2832 941 2891 quaties
965 2831 1250 2894 Olympum3

335 2893 417 2940 Tu
440 2893 607 2957 parum
633 2896 773 2942 castis
798 2897 991 2944 inimica
1013 2899 1170 2945 mittes

600 2960 822 3010 Fulmina
844 2963 978 3010 luciS.

1671 341 1738 389 20

1671 1655 1735 1704 40

1664 2313 1731 2362 50
