1841 3349
643 157 693 203 Q.
725 155 967 196 HORATII
997 153 1203 194 FLACCI

361 281 474 330 Non
497 277 753 324 verberatae
779 274 1010 337 grandine
1035 273 1213 329 vineae3

360 344 619 392 Fundusve
645 342 849 388 mendax
856 341 1043 398 ,arbore
1058 354 1186 384 nunc
1213 351 1358 399 aquas

427 409 681 471 Culpante,
707 423 836 453 nunc
862 405 1086 451 torrentia
1111 419 1248 478 agros

494 475 677 531 Sidera,
703 488 832 518 nunc
857 472 1036 519 hiemes
1061 470 1257 542 iniquas.

362 541 622 588 Contracta
646 539 800 599 pisces
826 552 1011 596 aequora
1035 535 1260 590 sentiunt,

362 606 550 653 Jactis
540 621 587 650 in
614 604 758 649 altum
785 602 984 646 molibus
1007 617 1015 645 :
1053 601 1146 644 huc
1173 599 1393 658 frequens

432 672 678 717 Caementa
703 668 905 713 demittit
930 666 1196 726 redemptor

498 737 621 781 Cum
649 734 850 789 famulis,
871 732 1184 790 dominusque
1208 738 1343 774 terrae

366 802 688 849 Fastidiosus:
728 800 810 844 sed
836 798 1001 843 Timor
1028 806 1073 841 et
1098 795 1245 840 Minae

369 868 617 915 Scandunt
641 864 809 911 eodem
836 861 928 936 quo
955 862 1202 916 dominus;
1239 874 1392 920 neque

435 932 640 979 Decedit
665 931 806 975 aerata
832 928 1026 984 triremi,
1052 936 1099 972 et

500 998 611 1043 Post
631 996 835 1056 equitem
862 993 994 1038 sedet
1019 1001 1116 1037 atra
1142 991 1282 1036 Cura.

367 1060 517 1113 Quod
543 1062 581 1107 si
605 1061 841 1107 dolentem
867 1074 958 1104 nec
982 1057 1214 1117 Phrygius
1238 1055 1371 1117 lapis,

369 1129 477 1176 Nec
501 1141 812 1189 purpurarum
838 1125 990 1169 sidere
1016 1123 1182 1168 clarior

435 1194 629 1240 Delenit
652 1208 781 1248 usus,
807 1207 897 1236 nec
922 1189 1125 1234 Falerna

502 1259 643 1316 Vitis,
670 1256 1093 1303 Achaeineniumve
1119 1261 1330 1309 costum;

372 1325 471 1371 Cur
496 1323 761 1369 invidendis
784 1322 996 1383 postibus
1021 1330 1067 1365 et
1091 1335 1211 1366 novo

374 1390 587 1438 Sublime
612 1389 702 1434 ritu
727 1388 892 1433 moliar
918 1386 1119 1431 atrium?

440 1456 539 1502 Cur
564 1455 682 1500 valle
707 1462 966 1516 permutem
996 1450 1175 1497 Sabina

505 1520 706 1567 Divitias
728 1518 1050 1581 operosiores'!

821 1860 961 1908 ODE
996 1858 1063 1905 ΙΙ.

379 1983 667 2029 ANGUSTAM
692 1975 845 2023 amice
870 1973 1144 2037 pauperiem
1166 1972 1265 2035 pati

379 2047 625 2095 Robustus
650 2043 746 2088 acri
771 2042 939 2087 militia
963 2055 1079 2100 puer

446 2110 738 2163 Condiscat‚
730 2124 738 2132 ·
776 2116 823 2151 et
847 2105 1044 2151 Parthos
1069 2103 1250 2149 feroces

512 2176 666 2221 Vexet
690 2188 832 2233 eques
857 2170 1141 2216 metuendus
1167 2166 1328 2214 hasta:

381 2242 635 2301 Vitamque
660 2239 748 2284 sub
773 2238 879 2282 divo
903 2245 950 2282 et
973 2235 1168 2296 trepidis
1193 2242 1302 2295 agat

381 2308 441 2354 In
465 2307 619 2353 rebus,
679 2304 821 2349 Illum
845 2319 904 2348 ex
929 2301 1164 2346 moenibus
1189 2298 1383 2346 hosticis

451 2372 672 2418 Matrona
696 2368 912 2414 bellantis
936 2366 1120 2426 tyranni

516 2435 833 2497 Prospicieus,
859 2442 905 2477 et
930 2431 1090 2476 adulta
1113 2430 1258 2490 virgo,

386 2503 627 2564 Suspiret:
666 2499 873 2544 “Eheu!
911 2512 971 2542 ne
996 2495 1126 2541 rudis
1151 2494 1395 2555 agminum

387 2569 601 2630 Sponsus
624 2565 829 2611 lacessat
852 2563 1009 2623 regius
1034 2575 1251 2622 asperum

455 2633 615 2679 Tactu
639 2631 842 2687 leonem,
867 2643 1006 2700 quein
1032 2634 1229 2671 cruenta

520 2698 610 2743 Per
635 2696 815 2742 medias
839 2694 958 2755 rapit
982 2693 1049 2737 ira
1074 2691 1275 2736 caedesff’

389 2763 545 2810 Dulce
569 2771 616 2808 et
641 2763 864 2807 decorum
889 2768 960 2804 est
983 2773 1066 2819 pro
1089 2756 1239 2828 patria
1263 2753 1408 2800 mori:

392 2827 524 2874 Mors
548 2837 595 2872 et
620 2827 837 2898 fugacem
862 2822 1155 2884 persequitur
1179 2821 1347 2878 virum,

457 2892 565 2938 Nec
589 2892 738 2952 parcit
764 2890 965 2935 imbellis
984 2888 1189 2949 juventae

526 2957 787 3017 Poplitibus
806 2955 1027 3000 timidove
1051 2961 1196 3012 tergo.

392 3024 572 3080 Virtus,
597 3021 793 3082 repulsae
819 3019 980 3064 nescia
1004 3017 1219 3075 sordidae,

393 3087 696 3136 Intaminatis
720 3085 867 3147 fulget
892 3083 1172 3130 honoribus:

1686 330 1751 378 30

1690 657 1755 704 35

1693 985 1759 1033 40

1697 1312 1762 1359 45

1715 2553 1775 2601 10

1719 2879 1778 2927 15
