1841 3349
656 163 707 209 Q.
738 160 980 201 HORATII
1007 160 1211 200 FLACCI

373 280 549 328 Pacem
574 280 731 327 duello
752 281 951 326 miscuit.
1004 279 1050 324 Ο
1074 279 1251 341 pudor!

434 346 485 393 ,O
511 362 682 408 magna
706 346 959 407 Carthago,
986 345 1220 407 probrosis

505 412 658 458 Altior
687 411 833 456 Italiae
858 411 1006 456 ruinis
1024 412 1065 456 !''

374 476 543 524 Fertur
567 477 752 538 pudicae
776 477 992 537 conjugis
1015 476 1248 533 osculum,

373 542 641 602 Parvosque
666 551 815 597 natos,
841 550 892 586 ut
916 541 1081 600 capitis
1105 541 1275 598 minor,

440 608 519 654 Ab
543 623 593 652 se
618 607 884 663 removisse,
910 615 957 650 et
981 605 1158 649 virilem

507 671 694 718 Torvus
719 671 849 716 humi
875 670 1084 731 posuisse
1111 669 1315 715 vultum:

374 738 543 785 Donec
567 738 781 783 labantes
806 736 1001 781 consilio
1026 744 1180 796 patres

373 804 607 851 Firmaret
631 812 792 848 auctor
819 817 1056 861 nunquam
1084 800 1199 846 alias
1224 800 1348 858 dato,

440 869 663 928 Interque
687 877 939 913 moerentes
965 866 1140 911 amicos

504 934 738 994 Egregius
762 941 1031 993 properaret
1054 931 1199 976 exsul.

375 999 522 1060 Atqui
548 999 726 1044 sciebat
749 1013 851 1057 quae
877 997 964 1041 sibi
990 997 1214 1041 barbarus

373 1065 546 1112 Tortor
571 1072 781 1125 pararet:
818 1078 911 1108 non
939 1062 1068 1107 aliter
1093 1070 1252 1106 tamen

438 1130 648 1177 Dimovit
671 1129 909 1174 obstantes
966 1127 1265 1189 propinquos,

504 1195 566 1241 Et
588 1194 812 1256 populum
838 1194 1014 1239 reditus
1038 1202 1315 1250 morantem,

372 1259 538 1311 Quam
565 1261 603 1306 si
628 1260 856 1306 clientum
882 1260 1023 1319 longa
1047 1257 1236 1319 negotia

373 1326 649 1389 Dijudicata
673 1327 752 1371 lite
777 1325 1079 1384 relinqueret,

439 1392 672 1439 Tendens
696 1391 992 1437 Venafranos
1017 1390 1063 1435 in
1092 1403 1243 1449 agrOS,

504 1459 606 1504 Aut
629 1456 1043 1504 Lacedaemonium
1071 1454 1348 1500 Tarentum.

798 1717 938 1764 ODE
973 1715 1060 1762 VI.

767 1830 834 1862 An
859 1829 1110 1861 nonrANos.

372 1917 601 1966 Dauom
624 1915 851 1977 majorum
879 1913 1138 1960 immeritus
1161 1912 1280 1970 lues,

373 1984 611 2041 Romane,
638 1983 792 2027 donec
817 1980 989 2040 templa
1013 1978 1249 2036 refeceris,

438 2049 680 2108 AEdesque
706 2047 916 2092 labentes
942 2046 1152 2100 deorum,
1178 2052 1225 2089 et

506 2114 654 2159 Foeda
679 2112 813 2172 nigro
833 2110 1083 2155 simulacra
1110 2109 1250 2153 furno.

372 2178 462 2228 Dis
485 2188 530 2225 te
556 2179 782 2224 minorem
809 2173 935 2237 quoa
961 2174 1098 2235 geris,
1126 2174 1346 2234 imperas:

373 2247 504 2293 Hinc
527 2260 666 2290 omne
690 2242 989 2304 principium,
1016 2241 1109 2284 huc
1135 2239 1253 2284 refer
1278 2238 1469 2284 exitum.

439 2310 502 2358 Di
529 2310 675 2355 multa
700 2307 903 2369 neglecti
925 2306 1157 2350 dederunt

505 2375 749 2436 Hesperiae
776 2373 898 2418 mala
923 2372 1161 2416 luctuosae.

372 2442 480 2488 Jam
506 2442 576 2486 bis
603 2440 838 2485 Monaeses
863 2447 908 2483 et
934 2436 1098 2481 Pacori
1125 2451 1292 2480 manus

372 2507 483 2554 Non
511 2506 773 2567 auspicatos
798 2503 1011 2549 contudit
1032 2502 1232 2561 impetus

439 2572 654 2628 Nostros,
679 2580 726 2616 et
751 2569 979 2630 adjecisse
1004 2567 1211 2628 praedam

503 2637 773 2697 Torquibus
797 2634 979 2694 exiguis
1004 2632 1198 2677 renidet.

371 2701 502 2750 Pene
527 2712 805 2763 occupatam
832 2698 1141 2745 seditionibus

371 2767 558 2815 Dclevit
583 2769 743 2813 urbem
773 2766 933 2811 Dacus
958 2773 1004 2810 et
1030 2762 1278 2822 AEthiops;

440 2834 537 2879 llic
562 2833 711 2878 classe
738 2831 1026 2885 formidatus,
1053 2827 1128 2872 ille

503 2897 763 2945 Missilibus
788 2897 948 2942 melior
974 2892 1166 2953 sagittis.

375 2961 621 3011 Foecunda
645 2962 795 3022 culpoe
821 2960 994 3006 saecula
1018 2957 1205 3018 nuptias

373 3027 584 3076 Primum
611 3024 914 3087 inquinavere
940 3033 986 3070 et
1010 3039 1160 3084 genus
1184 3030 1233 3068 et
1254 3020 1447 3068 domos:

440 3094 548 3142 Hoc
572 3094 698 3141 sonte
722 3092 930 3138 derivata
952 3089 1110 3136 clades

1691 406 1756 454 40

1695 1058 1760 1105 50

1699 2496 1756 2543 10

1698 2821 1755 2868 15
