<?xml version="1.0" encoding="UTF-8"?>
<!DOCTYPE html PUBLIC "-//W3C//DTD XHTML 1.0 Transitional//EN"
    "http://www.w3.org/TR/xhtml1/DTD/xhtml1-transitional.dtd">
<html xmlns="http://www.w3.org/1999/xhtml" xml:lang="en" lang="en">
 <head>
  <title>
</title>
<meta http-equiv="Content-Type" content="text/html;charset=utf-8" />
  <meta name='ocr-system' content='tesseract 3.04.00' />
  <meta name='ocr-capabilities' content='ocr_page ocr_carea ocr_par ocr_line ocrx_word'/>
</head>
<body>
  <div class='ocr_page' id='page_1' title='image "./quintihoratiifla00hora_0102.png"; bbox 0 0 1841 3349; ppageno 0'>
   <div class='ocr_carea' id='block_1_1' title="bbox 51 161 1158 211">
    <p class='ocr_par' dir='ltr' id='par_1_1' title="bbox 51 161 1158 211">
     <span class='ocr_line' id='line_1_1' title="bbox 51 161 1158 211; baseline -0.005 -5"><span class='ocrx_word' id='word_1_1' title='bbox 51 164 120 211; x_wconf 87' lang='grc'>94</span> <span class='ocrx_word' id='word_1_2' title='bbox 598 161 649 208; x_wconf 81' lang='lat' dir='ltr'>Q.</span> <span class='ocrx_word' id='word_1_3' title='bbox 680 161 922 202; x_wconf 84' lang='lat' dir='ltr'>HORATII</span> <span class='ocrx_word' id='word_1_4' title='bbox 953 161 1158 200; x_wconf 89' lang='lat' dir='ltr'><strong>FLACCI</strong></span> 
     </span>
    </p>
   </div>
   <div class='ocr_carea' id='block_1_2' title="bbox 86 279 1700 738">
    <p class='ocr_par' dir='ltr' id='par_1_2' title="bbox 86 279 1700 738">
     <span class='ocr_line' id='line_1_2' title="bbox 116 279 1700 343; baseline 0 -16"><span class='ocrx_word' id='word_1_5' title='bbox 116 279 270 327; x_wconf 86' lang='lat' dir='ltr'>Instat</span> <span class='ocrx_word' id='word_1_6' title='bbox 293 280 426 342; x_wconf 91' lang='lat' dir='ltr'>equis</span> <span class='ocrx_word' id='word_1_7' title='bbox 451 280 615 343; x_wconf 89' lang='lat' dir='ltr'>auriga</span> <span class='ocrx_word' id='word_1_8' title='bbox 638 297 748 328; x_wconf 91' lang='lat' dir='ltr'>suos</span> <span class='ocrx_word' id='word_1_9' title='bbox 771 281 1087 339; x_wconf 87' lang='lat' dir='ltr'>vincentibus,</span> <span class='ocrx_word' id='word_1_10' title='bbox 1113 280 1244 326; x_wconf 87' lang='lat' dir='ltr'>illum</span> <span class='ocrx_word' id='word_1_11' title='bbox 1610 279 1700 327; x_wconf 79' lang='lat'>115</span> 
     </span>
     <span class='ocr_line' id='line_1_3' title="bbox 115 346 1283 394; baseline 0 -2"><span class='ocrx_word' id='word_1_12' title='bbox 115 346 410 393; x_wconf 84' lang='lat' dir='ltr'>Praeteritum</span> <span class='ocrx_word' id='word_1_13' title='bbox 434 355 651 393; x_wconf 84' lang='lat' dir='ltr'><strong>temnens</strong></span> <span class='ocrx_word' id='word_1_14' title='bbox 675 358 908 394; x_wconf 86' lang='lat' dir='ltr'>extremos</span> <span class='ocrx_word' id='word_1_15' title='bbox 932 347 1053 393; x_wconf 91' lang='lat' dir='ltr'>inter</span> <span class='ocrx_word' id='word_1_16' title='bbox 1076 355 1283 392; x_wconf 89' lang='lat' dir='ltr'>euntem.</span> 
     </span>
     <span class='ocr_line' id='line_1_4' title="bbox 115 410 1121 474; baseline -0.001 -16"><span class='ocrx_word' id='word_1_17' title='bbox 115 410 237 469; x_wconf 71' lang='lat' dir='ltr'>Inde</span> <span class='ocrx_word' id='word_1_18' title='bbox 264 412 315 459; x_wconf 91' lang='lat' dir='ltr'>fit</span> <span class='ocrx_word' id='word_1_19' title='bbox 338 422 389 459; x_wconf 89' lang='lat' dir='ltr'>ut</span> <span class='ocrx_word' id='word_1_20' title='bbox 413 410 536 470; x_wconf 77' lang='lat' dir='ltr'>raro,</span> <span class='ocrx_word' id='word_1_21' title='bbox 561 414 640 474; x_wconf 91' lang='lat' dir='ltr'>qui</span> <span class='ocrx_word' id='word_1_22' title='bbox 664 429 713 459; x_wconf 89' lang='lat' dir='ltr'>se</span> <span class='ocrx_word' id='word_1_23' title='bbox 738 414 907 459; x_wconf 89' lang='lat' dir='ltr'>vixisse</span> <span class='ocrx_word' id='word_1_24' title='bbox 933 414 1121 460; x_wconf 84' lang='lat' dir='ltr'>beatum</span> 
     </span>
     <span class='ocr_line' id='line_1_5' title="bbox 115 478 1170 540; baseline -0.001 -16"><span class='ocrx_word' id='word_1_25' title='bbox 115 478 272 538; x_wconf 85' lang='lat' dir='ltr'>Dicat,</span> <span class='ocrx_word' id='word_1_26' title='bbox 297 488 345 525; x_wconf 79' lang='lat' dir='ltr'>et</span> <span class='ocrx_word' id='word_1_27' title='bbox 368 488 535 525; x_wconf 82' lang='lat' dir='ltr'>exacto</span> <span class='ocrx_word' id='word_1_28' title='bbox 559 488 809 525; x_wconf 87' lang='lat' dir='ltr'>contentus</span> <span class='ocrx_word' id='word_1_29' title='bbox 833 488 1042 540; x_wconf 88' lang='lat' dir='ltr'>tempore</span> <span class='ocrx_word' id='word_1_30' title='bbox 1066 479 1170 523; x_wconf 86' lang='lat' dir='ltr'>vitae</span> 
     </span>
     <span class='ocr_line' id='line_1_6' title="bbox 116 542 1247 605; baseline -0.003 -15"><span class='ocrx_word' id='word_1_31' title='bbox 116 544 269 590; x_wconf 84' lang='lat' dir='ltr'>Cedat</span> <span class='ocrx_word' id='word_1_32' title='bbox 293 542 360 590; x_wconf 79' lang='lat' dir='ltr'>uti</span> <span class='ocrx_word' id='word_1_33' title='bbox 386 545 585 591; x_wconf 86' lang='lat' dir='ltr'>conviva</span> <span class='ocrx_word' id='word_1_34' title='bbox 608 555 751 601; x_wconf 88' lang='lat' dir='ltr'>satur,</span> <span class='ocrx_word' id='word_1_35' title='bbox 777 544 981 605; x_wconf 87' lang='lat' dir='ltr'>reperire</span> <span class='ocrx_word' id='word_1_36' title='bbox 1008 559 1247 604; x_wconf 84' lang='lat' dir='ltr'><strong>queamus.</strong></span> 
     </span>
     <span class='ocr_line' id='line_1_7' title="bbox 181 604 1696 670; baseline -0.003 -14"><span class='ocrx_word' id='word_1_37' title='bbox 181 609 288 655; x_wconf 87' lang='lat' dir='ltr'>Jam</span> <span class='ocrx_word' id='word_1_38' title='bbox 314 610 426 656; x_wconf 80' lang='lat' dir='ltr'>satis</span> <span class='ocrx_word' id='word_1_39' title='bbox 454 619 552 655; x_wconf 88' lang='lat' dir='ltr'>est:</span> <span class='ocrx_word' id='word_1_40' title='bbox 590 626 651 655; x_wconf 89' lang='lat' dir='ltr'>ne</span> <span class='ocrx_word' id='word_1_41' title='bbox 675 625 751 655; x_wconf 89' lang='lat' dir='ltr'>me</span> <span class='ocrx_word' id='word_1_42' title='bbox 776 609 984 670; x_wconf 85' lang='lat' dir='ltr'>Crispini</span> <span class='ocrx_word' id='word_1_43' title='bbox 1008 608 1180 654; x_wconf 87' lang='lat' dir='ltr'>scrinia</span> <span class='ocrx_word' id='word_1_44' title='bbox 1205 607 1318 668; x_wconf 90' lang='lat' dir='ltr'>lippi</span> <span class='ocrx_word' id='word_1_45' title='bbox 1589 604 1696 664; x_wconf 55' lang='lat'>„120</span> 
     </span>
     <span class='ocr_line' id='line_1_8' title="bbox 86 672 1363 738; baseline -0.003 -15"><span class='ocrx_word' id='word_1_46' title='bbox 86 734 89 737; x_wconf 22' lang='grc'>1</span> <span class='ocrx_word' id='word_1_47' title='bbox 115 675 410 738; x_wconf 70' lang='lat' dir='ltr'>Compilasse</span> <span class='ocrx_word' id='word_1_48' title='bbox 429 684 583 738; x_wconf 89' lang='lat' dir='ltr'>putes,</span> <span class='ocrx_word' id='word_1_49' title='bbox 608 675 804 721; x_wconf 88' lang='lat' dir='ltr'>verbum</span> <span class='ocrx_word' id='word_1_50' title='bbox 828 690 925 721; x_wconf 90' lang='lat' dir='ltr'>non</span> <span class='ocrx_word' id='word_1_51' title='bbox 950 672 1154 736; x_wconf 75' lang='lat' dir='ltr'>amplius</span> <span class='ocrx_word' id='word_1_52' title='bbox 1179 673 1363 719; x_wconf 81' lang='lat' dir='ltr'>addam.</span> 
     </span>
    </p>
   </div>
   <div class='ocr_carea' id='block_1_3' title="bbox 690 969 1056 1016">
    <p class='ocr_par' dir='ltr' id='par_1_3' title="bbox 690 969 1056 1016">
     <span class='ocr_line' id='line_1_9' title="bbox 690 969 1056 1016; baseline 0 0"><span class='ocrx_word' id='word_1_53' title='bbox 690 969 954 1016; x_wconf 79' lang='lat' dir='ltr'><strong>SATIRA</strong></span> <span class='ocrx_word' id='word_1_54' title='bbox 990 969 1056 1016; x_wconf 93' lang='lat' dir='ltr'>II.</span> 
     </span>
    </p>
   </div>
   <div class='ocr_carea' id='block_1_4' title="bbox 84 1068 1735 2708">
    <p class='ocr_par' dir='ltr' id='par_1_4' title="bbox 84 1068 1735 2708">
     <span class='ocr_line' id='line_1_10' title="bbox 115 1068 1159 1131; baseline -0.006 -12"><span class='ocrx_word' id='word_1_55' title='bbox 115 1074 502 1119; x_wconf 82' lang='lat' dir='ltr'><strong>AMBUBAJARUM</strong></span> <span class='ocrx_word' id='word_1_56' title='bbox 527 1070 742 1131; x_wconf 81' lang='lat' dir='ltr'>collegia,</span> <span class='ocrx_word' id='word_1_57' title='bbox 767 1068 1159 1130; x_wconf 67' lang='lat' dir='ltr'>pharmacopolae,</span> 
     </span>
     <span class='ocr_line' id='line_1_11' title="bbox 115 1135 1307 1196; baseline -0.005 -11"><span class='ocrx_word' id='word_1_58' title='bbox 115 1137 346 1196; x_wconf 90' lang='lat' dir='ltr'>Mendici,</span> <span class='ocrx_word' id='word_1_59' title='bbox 371 1139 542 1194; x_wconf 84' lang='lat' dir='ltr'>mimae,</span> <span class='ocrx_word' id='word_1_60' title='bbox 569 1137 850 1194; x_wconf 80' lang='lat' dir='ltr'>balatroneS,</span> <span class='ocrx_word' id='word_1_61' title='bbox 877 1135 965 1180; x_wconf 91' lang='lat' dir='ltr'>hoc</span> <span class='ocrx_word' id='word_1_62' title='bbox 989 1151 1140 1195; x_wconf 89' lang='lat' dir='ltr'>genus</span> <span class='ocrx_word' id='word_1_63' title='bbox 1165 1150 1307 1193; x_wconf 76' lang='lat' dir='ltr'>omne</span> 
     </span>
     <span class='ocr_line' id='line_1_12' title="bbox 116 1200 1424 1262; baseline -0.005 -11"><span class='ocrx_word' id='word_1_64' title='bbox 116 1203 341 1250; x_wconf 86' lang='lat' dir='ltr'>Moestum</span> <span class='ocrx_word' id='word_1_65' title='bbox 366 1220 422 1250; x_wconf 87' lang='lat' dir='ltr'>ac</span> <span class='ocrx_word' id='word_1_66' title='bbox 447 1203 697 1249; x_wconf 88' lang='lat' dir='ltr'>sollicitum</span> <span class='ocrx_word' id='word_1_67' title='bbox 722 1211 793 1248; x_wconf 89' lang='lat' dir='ltr'>est</span> <span class='ocrx_word' id='word_1_68' title='bbox 818 1201 1022 1247; x_wconf 89' lang='lat' dir='ltr'>cantoris</span> <span class='ocrx_word' id='word_1_69' title='bbox 1047 1210 1193 1246; x_wconf 86' lang='lat' dir='ltr'>morte</span> <span class='ocrx_word' id='word_1_70' title='bbox 1219 1200 1424 1262; x_wconf 82' lang='lat' dir='ltr'>Tigelli3</span> 
     </span>
     <span class='ocr_line' id='line_1_13' title="bbox 113 1266 1501 1332; baseline -0.006 -12"><span class='ocrx_word' id='word_1_71' title='bbox 113 1270 307 1332; x_wconf 78' lang='lat' dir='ltr'>Quippe</span> <span class='ocrx_word' id='word_1_72' title='bbox 334 1270 568 1331; x_wconf 89' lang='lat' dir='ltr'>benignus</span> <span class='ocrx_word' id='word_1_73' title='bbox 592 1278 718 1314; x_wconf 87' lang='lat' dir='ltr'>erat:</span> <span class='ocrx_word' id='word_1_74' title='bbox 757 1266 921 1313; x_wconf 71' lang='lat' dir='ltr'>contra</span> <span class='ocrx_word' id='word_1_75' title='bbox 946 1267 1039 1324; x_wconf 87' lang='lat' dir='ltr'>hic,</span> <span class='ocrx_word' id='word_1_76' title='bbox 1066 1283 1126 1311; x_wconf 92' lang='lat' dir='ltr'>ne</span> <span class='ocrx_word' id='word_1_77' title='bbox 1151 1267 1374 1328; x_wconf 86' lang='lat' dir='ltr'>prodigus</span> <span class='ocrx_word' id='word_1_78' title='bbox 1398 1281 1501 1312; x_wconf 88' lang='lat' dir='ltr'>esse</span> 
     </span>
     <span class='ocr_line' id='line_1_14' title="bbox 114 1331 1699 1395; baseline -0.004 -12"><span class='ocrx_word' id='word_1_79' title='bbox 114 1336 312 1382; x_wconf 79' lang='lat' dir='ltr'>Dicatur</span> <span class='ocrx_word' id='word_1_80' title='bbox 338 1345 570 1392; x_wconf 84' lang='lat' dir='ltr'>metuenS‚</span> <span class='ocrx_word' id='word_1_81' title='bbox 597 1334 724 1395; x_wconf 90' lang='lat' dir='ltr'>inopi</span> <span class='ocrx_word' id='word_1_82' title='bbox 749 1334 859 1378; x_wconf 89' lang='lat' dir='ltr'>dare</span> <span class='ocrx_word' id='word_1_83' title='bbox 881 1333 996 1378; x_wconf 89' lang='lat' dir='ltr'>nolit</span> <span class='ocrx_word' id='word_1_84' title='bbox 1021 1332 1173 1378; x_wconf 86' lang='lat' dir='ltr'>amico</span> <span class='ocrx_word' id='word_1_85' title='bbox 1667 1331 1699 1377; x_wconf 89' lang='lat'>5</span> 
     </span>
     <span class='ocr_line' id='line_1_15' title="bbox 114 1398 1318 1464; baseline -0.005 -16"><span class='ocrx_word' id='word_1_86' title='bbox 114 1401 286 1464; x_wconf 84' lang='lat' dir='ltr'>Frigus</span> <span class='ocrx_word' id='word_1_87' title='bbox 310 1418 401 1462; x_wconf 92' lang='lat' dir='ltr'>quo</span> <span class='ocrx_word' id='word_1_88' title='bbox 425 1402 682 1461; x_wconf 88' lang='lat' dir='ltr'>duramque</span> <span class='ocrx_word' id='word_1_89' title='bbox 709 1399 877 1444; x_wconf 86' lang='lat' dir='ltr'>famem</span> <span class='ocrx_word' id='word_1_90' title='bbox 905 1398 1138 1459; x_wconf 82' lang='lat' dir='ltr'>depellere</span> <span class='ocrx_word' id='word_1_91' title='bbox 1162 1398 1318 1459; x_wconf 82' lang='lat' dir='ltr'>possit.</span> 
     </span>
     <span class='ocr_line' id='line_1_16' title="bbox 117 1464 1256 1528; baseline -0.005 -14"><span class='ocrx_word' id='word_1_92' title='bbox 117 1468 264 1514; x_wconf 90' lang='lat' dir='ltr'>Hunc</span> <span class='ocrx_word' id='word_1_93' title='bbox 288 1468 326 1514; x_wconf 90' lang='lat' dir='ltr'>si</span> <span class='ocrx_word' id='word_1_94' title='bbox 350 1468 656 1528; x_wconf 80' lang='lat' dir='ltr'>perconteris,</span> <span class='ocrx_word' id='word_1_95' title='bbox 684 1465 755 1511; x_wconf 89' lang='lat' dir='ltr'>avi</span> <span class='ocrx_word' id='word_1_96' title='bbox 780 1481 863 1510; x_wconf 91' lang='lat' dir='ltr'>cur</span> <span class='ocrx_word' id='word_1_97' title='bbox 889 1473 1025 1524; x_wconf 82' lang='lat' dir='ltr'>atque</span> <span class='ocrx_word' id='word_1_98' title='bbox 1050 1464 1256 1526; x_wconf 82' lang='lat' dir='ltr'>parentis</span> 
     </span>
     <span class='ocr_line' id='line_1_17' title="bbox 115 1530 1369 1594; baseline -0.006 -14"><span class='ocrx_word' id='word_1_99' title='bbox 115 1533 396 1580; x_wconf 86' lang='lat' dir='ltr'>Praeclaram</span> <span class='ocrx_word' id='word_1_100' title='bbox 421 1532 605 1594; x_wconf 70' lang='lat' dir='ltr'>ingrata</span> <span class='ocrx_word' id='word_1_101' title='bbox 629 1532 825 1592; x_wconf 88' lang='lat' dir='ltr'>stringat</span> <span class='ocrx_word' id='word_1_102' title='bbox 849 1531 998 1575; x_wconf 90' lang='lat' dir='ltr'>malus</span> <span class='ocrx_word' id='word_1_103' title='bbox 1024 1530 1229 1590; x_wconf 83' lang='lat' dir='ltr'>ingluvie</span> <span class='ocrx_word' id='word_1_104' title='bbox 1254 1544 1369 1588; x_wconf 90' lang='lat' dir='ltr'>rem,</span> 
     </span>
     <span class='ocr_line' id='line_1_18' title="bbox 114 1595 1294 1650; baseline -0.005 -5"><span class='ocrx_word' id='word_1_105' title='bbox 114 1599 293 1645; x_wconf 87' lang='lat' dir='ltr'>Omnia</span> <span class='ocrx_word' id='word_1_106' title='bbox 317 1599 566 1645; x_wconf 90' lang='lat' dir='ltr'>conductis</span> <span class='ocrx_word' id='word_1_107' title='bbox 591 1601 816 1644; x_wconf 71' lang='lat' dir='ltr'>coemens</span> <span class='ocrx_word' id='word_1_108' title='bbox 840 1596 1037 1642; x_wconf 91' lang='lat' dir='ltr'>obsonia</span> <span class='ocrx_word' id='word_1_109' title='bbox 1062 1595 1294 1650; x_wconf 85' lang='lat' dir='ltr'>nummis3</span> 
     </span>
     <span class='ocr_line' id='line_1_19' title="bbox 117 1658 1699 1725; baseline -0.004 -14"><span class='ocrx_word' id='word_1_110' title='bbox 117 1666 346 1712; x_wconf 87' lang='lat' dir='ltr'>Sordidus</span> <span class='ocrx_word' id='word_1_111' title='bbox 371 1674 508 1725; x_wconf 87' lang='lat' dir='ltr'>atque</span> <span class='ocrx_word' id='word_1_112' title='bbox 533 1664 678 1710; x_wconf 86' lang='lat' dir='ltr'>animi</span> <span class='ocrx_word' id='word_1_113' title='bbox 704 1661 830 1723; x_wconf 79' lang='lat' dir='ltr'>quod</span> <span class='ocrx_word' id='word_1_114' title='bbox 856 1665 985 1723; x_wconf 81' lang='lat' dir='ltr'>parvi</span> <span class='ocrx_word' id='word_1_115' title='bbox 1011 1661 1125 1707; x_wconf 87' lang='lat' dir='ltr'>nolit</span> <span class='ocrx_word' id='word_1_116' title='bbox 1151 1660 1330 1719; x_wconf 89' lang='lat' dir='ltr'>haberi,</span> <span class='ocrx_word' id='word_1_117' title='bbox 1639 1658 1699 1705; x_wconf 94' lang='lat'>10</span> 
     </span>
     <span class='ocr_line' id='line_1_20' title="bbox 115 1725 1325 1792; baseline -0.007 -14"><span class='ocrx_word' id='word_1_118' title='bbox 115 1731 423 1792; x_wconf 79' lang='lat' dir='ltr'>Respondet:</span> <span class='ocrx_word' id='word_1_119' title='bbox 459 1730 675 1775; x_wconf 86' lang='lat' dir='ltr'>laudatur</span> <span class='ocrx_word' id='word_1_120' title='bbox 701 1729 759 1773; x_wconf 82' lang='lat' dir='ltr'>ab</span> <span class='ocrx_word' id='word_1_121' title='bbox 784 1729 872 1784; x_wconf 81' lang='lat' dir='ltr'>his,</span> <span class='ocrx_word' id='word_1_122' title='bbox 898 1728 1112 1786; x_wconf 87' lang='lat' dir='ltr'>culpatur</span> <span class='ocrx_word' id='word_1_123' title='bbox 1138 1726 1197 1770; x_wconf 89' lang='lat' dir='ltr'>ab</span> <span class='ocrx_word' id='word_1_124' title='bbox 1221 1725 1325 1770; x_wconf 91' lang='lat' dir='ltr'>illis.</span> 
     </span>
     <span class='ocr_line' id='line_1_21' title="bbox 115 1790 1238 1857; baseline -0.006 -15"><span class='ocrx_word' id='word_1_125' title='bbox 115 1796 330 1842; x_wconf 86' lang='lat' dir='ltr'>Fufidius</span> <span class='ocrx_word' id='word_1_126' title='bbox 354 1811 513 1857; x_wconf 83' lang='lat' dir='ltr'>vappae</span> <span class='ocrx_word' id='word_1_127' title='bbox 540 1795 711 1840; x_wconf 85' lang='lat' dir='ltr'>famam</span> <span class='ocrx_word' id='word_1_128' title='bbox 735 1793 868 1838; x_wconf 89' lang='lat' dir='ltr'>timet</span> <span class='ocrx_word' id='word_1_129' title='bbox 893 1807 947 1836; x_wconf 90' lang='lat' dir='ltr'>ac</span> <span class='ocrx_word' id='word_1_130' title='bbox 973 1790 1238 1847; x_wconf 89' lang='lat' dir='ltr'>nebulonis,</span> 
     </span>
     <span class='ocr_line' id='line_1_22' title="bbox 115 1856 1282 1924; baseline -0.007 -16"><span class='ocrx_word' id='word_1_131' title='bbox 115 1862 261 1908; x_wconf 90' lang='lat' dir='ltr'>Dives</span> <span class='ocrx_word' id='word_1_132' title='bbox 284 1861 423 1924; x_wconf 89' lang='lat' dir='ltr'>agris,</span> <span class='ocrx_word' id='word_1_133' title='bbox 449 1861 578 1906; x_wconf 88' lang='lat' dir='ltr'>dives</span> <span class='ocrx_word' id='word_1_134' title='bbox 602 1859 764 1921; x_wconf 89' lang='lat' dir='ltr'>positis</span> <span class='ocrx_word' id='word_1_135' title='bbox 788 1858 836 1903; x_wconf 92' lang='lat' dir='ltr'>in</span> <span class='ocrx_word' id='word_1_136' title='bbox 863 1857 1038 1903; x_wconf 86' lang='lat' dir='ltr'>foenore</span> <span class='ocrx_word' id='word_1_137' title='bbox 1063 1856 1282 1901; x_wconf 90' lang='lat' dir='ltr'>nummis.</span> 
     </span>
     <span class='ocr_line' id='line_1_23' title="bbox 84 1925 1258 1988; baseline -0.009 -12"><span class='ocrx_word' id='word_1_138' title='bbox 84 1931 88 1934; x_wconf 70' lang='grc'><strong>’</strong></span> <span class='ocrx_word' id='word_1_139' title='bbox 114 1928 306 1978; x_wconf 76' lang='lat' dir='ltr'>Quinas</span> <span class='ocrx_word' id='word_1_140' title='bbox 330 1927 408 1973; x_wconf 91' lang='lat' dir='ltr'>hic</span> <span class='ocrx_word' id='word_1_141' title='bbox 433 1926 574 1988; x_wconf 89' lang='lat' dir='ltr'>capiti</span> <span class='ocrx_word' id='word_1_142' title='bbox 598 1925 843 1971; x_wconf 83' lang='lat' dir='ltr'>mercedes</span> <span class='ocrx_word' id='word_1_143' title='bbox 867 1933 1083 1978; x_wconf 84' lang='lat' dir='ltr'>exsecat3</span> <span class='ocrx_word' id='word_1_144' title='bbox 1122 1931 1258 1982; x_wconf 86' lang='lat' dir='ltr'>atque</span> 
     </span>
     <span class='ocr_line' id='line_1_24' title="bbox 114 1985 1701 2055; baseline -0.007 -13"><span class='ocrx_word' id='word_1_145' title='bbox 114 1991 314 2044; x_wconf 70' lang='lat' dir='ltr'>Quanto</span> <span class='ocrx_word' id='word_1_146' title='bbox 338 1993 560 2055; x_wconf 91' lang='lat' dir='ltr'>perditior</span> <span class='ocrx_word' id='word_1_147' title='bbox 586 1992 780 2052; x_wconf 91' lang='lat' dir='ltr'>quisque</span> <span class='ocrx_word' id='word_1_148' title='bbox 804 1999 889 2047; x_wconf 86' lang='lat' dir='ltr'>est,</span> <span class='ocrx_word' id='word_1_149' title='bbox 917 1986 1047 2035; x_wconf 76' lang='lat' dir='ltr'>tanto</span> <span class='ocrx_word' id='word_1_150' title='bbox 1075 1985 1231 2034; x_wconf 74' lang='lat' dir='ltr'>acrius</span> <span class='ocrx_word' id='word_1_151' title='bbox 1255 1995 1419 2048; x_wconf 83' lang='lat' dir='ltr'>urget3</span> <span class='ocrx_word' id='word_1_152' title='bbox 1641 1986 1701 2032; x_wconf 88' lang='lat'>15</span> 
     </span>
     <span class='ocr_line' id='line_1_25' title="bbox 116 2053 1239 2117; baseline -0.007 -11"><span class='ocrx_word' id='word_1_153' title='bbox 116 2060 327 2107; x_wconf 83' lang='lat' dir='ltr'>Nomina</span> <span class='ocrx_word' id='word_1_154' title='bbox 351 2068 571 2116; x_wconf 90' lang='lat' dir='ltr'>sectatur,</span> <span class='ocrx_word' id='word_1_155' title='bbox 592 2056 732 2103; x_wconf 81' lang='lat' dir='ltr'>modo</span> <span class='ocrx_word' id='word_1_156' title='bbox 759 2056 945 2117; x_wconf 74' lang='lat' dir='ltr'>sumpta</span> <span class='ocrx_word' id='word_1_157' title='bbox 971 2064 1096 2100; x_wconf 89' lang='lat' dir='ltr'>veste</span> <span class='ocrx_word' id='word_1_158' title='bbox 1121 2053 1239 2099; x_wconf 86' lang='lat' dir='ltr'>virili</span> 
     </span>
     <span class='ocr_line' id='line_1_26' title="bbox 118 2119 1504 2186; baseline -0.006 -14"><span class='ocrx_word' id='word_1_159' title='bbox 118 2126 219 2173; x_wconf 90' lang='lat' dir='ltr'>Sub</span> <span class='ocrx_word' id='word_1_160' title='bbox 241 2125 450 2186; x_wconf 91' lang='lat' dir='ltr'>patribus</span> <span class='ocrx_word' id='word_1_161' title='bbox 476 2124 620 2180; x_wconf 84' lang='lat' dir='ltr'>duris,</span> <span class='ocrx_word' id='word_1_162' title='bbox 646 2123 862 2167; x_wconf 89' lang='lat' dir='ltr'>tironum.</span> <span class='ocrx_word' id='word_1_163' title='bbox 935 2125 961 2144; x_wconf 92' lang='lat'><strong>“</strong></span> <span class='ocrx_word' id='word_1_164' title='bbox 981 2119 1237 2176; x_wconf 83' lang='lat' dir='ltr'>Maxime,&#39;&#39;</span> <span class='ocrx_word' id='word_1_165' title='bbox 1266 2119 1369 2178; x_wconf 90' lang='lat' dir='ltr'>quis</span> <span class='ocrx_word' id='word_1_166' title='bbox 1394 2134 1504 2176; x_wconf 91' lang='lat' dir='ltr'>non,</span> 
     </span>
     <span class='ocr_line' id='line_1_27' title="bbox 118 2184 1539 2253; baseline -0.006 -16"><span class='ocrx_word' id='word_1_167' title='bbox 118 2196 148 2216; x_wconf 94' lang='lat'><strong>“</strong></span> <span class='ocrx_word' id='word_1_168' title='bbox 169 2191 352 2253; x_wconf 88' lang='lat' dir='ltr'>Jupiter</span> <span class='ocrx_word' id='word_1_169' title='bbox 370 2191 410 2235; x_wconf 83' lang='lat'>!&#39;&#39;</span> <span class='ocrx_word' id='word_1_170' title='bbox 450 2189 696 2245; x_wconf 88' lang='lat' dir='ltr'>exclamet,</span> <span class='ocrx_word' id='word_1_171' title='bbox 722 2186 859 2232; x_wconf 90' lang='lat' dir='ltr'>simul</span> <span class='ocrx_word' id='word_1_172' title='bbox 886 2195 1023 2246; x_wconf 84' lang='lat' dir='ltr'>atque</span> <span class='ocrx_word' id='word_1_173' title='bbox 1048 2185 1225 2230; x_wconf 86' lang='lat' dir='ltr'>audivit</span> <span class='ocrx_word' id='word_1_174' title='bbox 1237 2184 1391 2229; x_wconf 60' lang='lat' dir='ltr'>”e--At</span> <span class='ocrx_word' id='word_1_175' title='bbox 1415 2184 1464 2229; x_wconf 91' lang='lat' dir='ltr'>in</span> <span class='ocrx_word' id='word_1_176' title='bbox 1489 2198 1539 2229; x_wconf 87' lang='lat' dir='ltr'>se</span> 
     </span>
     <span class='ocr_line' id='line_1_28' title="bbox 117 2250 1488 2318; baseline -0.007 -15"><span class='ocrx_word' id='word_1_177' title='bbox 117 2257 209 2304; x_wconf 90' lang='lat' dir='ltr'>Pro</span> <span class='ocrx_word' id='word_1_178' title='bbox 234 2265 416 2318; x_wconf 83' lang='lat' dir='ltr'>quaestu</span> <span class='ocrx_word' id='word_1_179' title='bbox 441 2264 676 2315; x_wconf 89' lang='lat' dir='ltr'>sumptum</span> <span class='ocrx_word' id='word_1_180' title='bbox 705 2252 996 2298; x_wconf 63' lang='lat' dir='ltr'>facit—Hic</span> <span class='ocrx_word' id='word_1_181' title='bbox 1021 2251 1096 2296; x_wconf 79' lang='lat' dir='ltr'>vix</span> <span class='ocrx_word' id='word_1_182' title='bbox 1121 2250 1314 2295; x_wconf 87' lang='lat' dir='ltr'>credere</span> <span class='ocrx_word' id='word_1_183' title='bbox 1338 2264 1488 2310; x_wconf 78' lang='lat' dir='ltr'>possis</span> 
     </span>
     <span class='ocr_line' id='line_1_29' title="bbox 115 2312 1735 2376; baseline -0.007 -7"><span class='ocrx_word' id='word_1_184' title='bbox 115 2320 281 2373; x_wconf 74' lang='lat' dir='ltr'>Quam</span> <span class='ocrx_word' id='word_1_185' title='bbox 307 2321 395 2367; x_wconf 88' lang='lat' dir='ltr'>sibi</span> <span class='ocrx_word' id='word_1_186' title='bbox 419 2337 513 2367; x_wconf 91' lang='lat' dir='ltr'>non</span> <span class='ocrx_word' id='word_1_187' title='bbox 539 2321 598 2366; x_wconf 88' lang='lat' dir='ltr'>sit</span> <span class='ocrx_word' id='word_1_188' title='bbox 622 2319 828 2364; x_wconf 86' lang='lat' dir='ltr'>amicus:</span> <span class='ocrx_word' id='word_1_189' title='bbox 866 2317 929 2362; x_wconf 89' lang='lat' dir='ltr'>ita</span> <span class='ocrx_word' id='word_1_190' title='bbox 952 2326 1002 2362; x_wconf 90' lang='lat' dir='ltr'>ut</span> <span class='ocrx_word' id='word_1_191' title='bbox 1026 2325 1155 2376; x_wconf 85' lang='lat' dir='ltr'>pater</span> <span class='ocrx_word' id='word_1_192' title='bbox 1181 2315 1274 2373; x_wconf 91' lang='lat' dir='ltr'>ille,</span> <span class='ocrx_word' id='word_1_193' title='bbox 1303 2312 1502 2360; x_wconf 75' lang='lat' dir='ltr'>Terenti</span> <span class='ocrx_word' id='word_1_194' title='bbox 1635 2312 1701 2359; x_wconf 78' lang='lat'>20</span> <span class='ocrx_word' id='word_1_195' title='bbox 1729 2340 1735 2345; x_wconf 62' lang='grc'><strong>«</strong></span> 
     </span>
     <span class='ocr_line' id='line_1_30' title="bbox 120 2382 1228 2448; baseline -0.008 -14"><span class='ocrx_word' id='word_1_196' title='bbox 120 2387 303 2434; x_wconf 88' lang='lat' dir='ltr'>Fabula</span> <span class='ocrx_word' id='word_1_197' title='bbox 326 2403 465 2448; x_wconf 91' lang='lat' dir='ltr'>quem</span> <span class='ocrx_word' id='word_1_198' title='bbox 491 2387 714 2431; x_wconf 88' lang='lat' dir='ltr'>miserum</span> <span class='ocrx_word' id='word_1_199' title='bbox 740 2393 850 2429; x_wconf 90' lang='lat' dir='ltr'>nato</span> <span class='ocrx_word' id='word_1_200' title='bbox 877 2382 1044 2427; x_wconf 78' lang='lat' dir='ltr'>vixisse</span> <span class='ocrx_word' id='word_1_201' title='bbox 1070 2382 1228 2442; x_wconf 90' lang='lat' dir='ltr'>fugato</span> 
     </span>
     <span class='ocr_line' id='line_1_31' title="bbox 119 2447 1269 2512; baseline -0.008 -13"><span class='ocrx_word' id='word_1_202' title='bbox 119 2453 330 2511; x_wconf 86' lang='lat' dir='ltr'>Inducit,</span> <span class='ocrx_word' id='word_1_203' title='bbox 356 2469 450 2498; x_wconf 91' lang='lat' dir='ltr'>non</span> <span class='ocrx_word' id='word_1_204' title='bbox 477 2468 526 2497; x_wconf 91' lang='lat' dir='ltr'>se</span> <span class='ocrx_word' id='word_1_205' title='bbox 551 2449 685 2512; x_wconf 73' lang='lat' dir='ltr'>pejus</span> <span class='ocrx_word' id='word_1_206' title='bbox 711 2448 991 2495; x_wconf 75' lang='lat' dir='ltr'>cruciaverit</span> <span class='ocrx_word' id='word_1_207' title='bbox 1018 2456 1154 2507; x_wconf 82' lang='lat' dir='ltr'>atque</span> <span class='ocrx_word' id='word_1_208' title='bbox 1179 2447 1269 2492; x_wconf 91' lang='lat' dir='ltr'>hic.</span> 
     </span>
     <span class='ocr_line' id='line_1_32' title="bbox 186 2507 1617 2579; baseline -0.008 -14"><span class='ocrx_word' id='word_1_209' title='bbox 186 2520 237 2565; x_wconf 85' lang='lat' dir='ltr'>Si</span> <span class='ocrx_word' id='word_1_210' title='bbox 260 2519 363 2579; x_wconf 92' lang='lat' dir='ltr'>quis</span> <span class='ocrx_word' id='word_1_211' title='bbox 387 2534 515 2564; x_wconf 89' lang='lat' dir='ltr'>nunc</span> <span class='ocrx_word' id='word_1_212' title='bbox 539 2525 731 2577; x_wconf 77' lang='lat' dir='ltr'>quaerat,</span> <span class='ocrx_word' id='word_1_213' title='bbox 758 2519 785 2538; x_wconf 89' lang='lat'><strong>“</strong></span> <span class='ocrx_word' id='word_1_214' title='bbox 807 2511 922 2564; x_wconf 74' lang='lat' dir='ltr'>Quo</span> <span class='ocrx_word' id='word_1_215' title='bbox 948 2530 1022 2559; x_wconf 92' lang='lat' dir='ltr'>res</span> <span class='ocrx_word' id='word_1_216' title='bbox 1046 2514 1147 2558; x_wconf 87' lang='lat' dir='ltr'>haec</span> <span class='ocrx_word' id='word_1_217' title='bbox 1171 2511 1430 2573; x_wconf 78' lang='lat' dir='ltr'>pertinet&#39;l&#39;&#39;</span> <span class='ocrx_word' id='word_1_218' title='bbox 1470 2507 1617 2555; x_wconf 89' lang='lat' dir='ltr'>Illuc:</span> 
     </span>
     <span class='ocr_line' id='line_1_33' title="bbox 119 2580 1289 2639; baseline -0.008 -8"><span class='ocrx_word' id='word_1_219' title='bbox 119 2583 247 2631; x_wconf 90' lang='lat' dir='ltr'>Dum</span> <span class='ocrx_word' id='word_1_220' title='bbox 272 2585 418 2630; x_wconf 84' lang='lat' dir='ltr'>vitant</span> <span class='ocrx_word' id='word_1_221' title='bbox 443 2583 572 2629; x_wconf 89' lang='lat' dir='ltr'>stulti</span> <span class='ocrx_word' id='word_1_222' title='bbox 596 2583 721 2639; x_wconf 89' lang='lat' dir='ltr'>vitia,</span> <span class='ocrx_word' id='word_1_223' title='bbox 749 2582 794 2626; x_wconf 89' lang='lat' dir='ltr'>in</span> <span class='ocrx_word' id='word_1_224' title='bbox 823 2580 1057 2626; x_wconf 86' lang='lat' dir='ltr'>contraria</span> <span class='ocrx_word' id='word_1_225' title='bbox 1081 2585 1289 2623; x_wconf 85' lang='lat' dir='ltr'>currunt.</span> 
     </span>
     <span class='ocr_line' id='line_1_34' title="bbox 119 2639 1700 2708; baseline -0.008 -10"><span class='ocrx_word' id='word_1_226' title='bbox 119 2649 335 2697; x_wconf 83' lang='lat' dir='ltr'>Pastillos</span> <span class='ocrx_word' id='word_1_227' title='bbox 359 2649 566 2696; x_wconf 88' lang='lat' dir='ltr'>Rufillus</span> <span class='ocrx_word' id='word_1_228' title='bbox 584 2649 695 2706; x_wconf 85' lang='lat' dir='ltr'>olet,</span> <span class='ocrx_word' id='word_1_229' title='bbox 722 2646 991 2708; x_wconf 85' lang='lat' dir='ltr'>Gorgonius</span> <span class='ocrx_word' id='word_1_230' title='bbox 1016 2645 1212 2690; x_wconf 90' lang='lat' dir='ltr'>hircum.</span> <span class='ocrx_word' id='word_1_231' title='bbox 1634 2639 1700 2685; x_wconf 77' lang='lat'>25</span> 
     </span>
    </p>
   </div>
   <div class='ocr_carea' id='block_1_5' title="bbox 681 2935 1073 2984">
    <p class='ocr_par' dir='ltr' id='par_1_5' title="bbox 681 2935 1073 2984">
     <span class='ocr_line' id='line_1_35' title="bbox 681 2935 1073 2984; baseline -0.01 0"><span class='ocrx_word' id='word_1_232' title='bbox 681 2939 942 2984; x_wconf 85' lang='lat' dir='ltr'><strong>SATIRA</strong></span> <span class='ocrx_word' id='word_1_233' title='bbox 981 2935 1073 2981; x_wconf 91' lang='lat' dir='ltr'><strong>III.</strong></span> 
     </span>
    </p>
   </div>
   <div class='ocr_carea' id='block_1_6' title="bbox 122 3030 1413 3164">
    <p class='ocr_par' dir='ltr' id='par_1_6' title="bbox 122 3030 1413 3164">
     <span class='ocr_line' id='line_1_36' title="bbox 122 3030 1413 3088; baseline -0.009 -2"><span class='ocrx_word' id='word_1_234' title='bbox 122 3040 363 3086; x_wconf 75' lang='lat' dir='ltr'>Ommnus</span> <span class='ocrx_word' id='word_1_235' title='bbox 387 3037 478 3083; x_wconf 90' lang='lat' dir='ltr'>hoc</span> <span class='ocrx_word' id='word_1_236' title='bbox 503 3036 666 3081; x_wconf 88' lang='lat' dir='ltr'>vitium</span> <span class='ocrx_word' id='word_1_237' title='bbox 692 3043 763 3079; x_wconf 88' lang='lat' dir='ltr'>est</span> <span class='ocrx_word' id='word_1_238' title='bbox 786 3033 1074 3088; x_wconf 88' lang='lat' dir='ltr'>cantoribus,</span> <span class='ocrx_word' id='word_1_239' title='bbox 1096 3032 1216 3076; x_wconf 86' lang='lat' dir='ltr'>inter</span> <span class='ocrx_word' id='word_1_240' title='bbox 1237 3030 1413 3075; x_wconf 84' lang='lat' dir='ltr'>amicos</span> 
     </span>
     <span class='ocr_line' id='line_1_37' title="bbox 125 3093 1356 3164; baseline -0.01 -13"><span class='ocrx_word' id='word_1_241' title='bbox 125 3103 190 3151; x_wconf 90' lang='lat' dir='ltr'>Ut</span> <span class='ocrx_word' id='word_1_242' title='bbox 213 3118 462 3164; x_wconf 86' lang='lat' dir='ltr'>nunquam</span> <span class='ocrx_word' id='word_1_243' title='bbox 487 3101 718 3147; x_wconf 87' lang='lat' dir='ltr'>inducant</span> <span class='ocrx_word' id='word_1_244' title='bbox 742 3099 952 3144; x_wconf 87' lang='lat' dir='ltr'>animum</span> <span class='ocrx_word' id='word_1_245' title='bbox 977 3105 1168 3142; x_wconf 85' lang='lat' dir='ltr'>cantare</span> <span class='ocrx_word' id='word_1_246' title='bbox 1192 3093 1356 3156; x_wconf 85' lang='lat' dir='ltr'>rogati,</span> 
     </span>
    </p>
   </div>
  </div>
 </body>
</html>
