1841 3349
126 203 221 256 m-

672 199 723 245 Q.
755 199 997 239 HORATII
1025 197 1232 238 FLACCI

452 317 664 376 GaudeS,
689 318 872 380 apricos
896 327 1034 365 necte
1060 316 1212 375 flores,

518 382 674 430 Necte
699 400 806 430 meo
831 384 1009 430 Lamiae
1034 397 1276 440 coronam,

389 448 591 511 Pimplei'
615 449 795 495 dulcis!
833 451 898 496 nil
923 450 1025 496 sine
1050 458 1096 495 te
1120 448 1214 494 mei

388 515 593 562 Possunt
617 515 819 561 honores
841 532 849 561 :
887 517 1016 562 hunc
1040 514 1212 560 fidibus
1236 512 1386 571 novis,
1409 514 1415 517 ”

457 580 604 627 Hunc
630 579 802 627 Lesbio
827 580 1229 641 sacrareplectro,

521 645 691 707 Teque
715 655 912 708 tuasque
938 647 1077 692 decet
1101 659 1295 691 sorores.

775 905 914 952 ODE
939 903 1109 951 XXII.

787 1021 853 1050 AD
879 1019 1111 1050 SODALES.

390 1105 553 1154 NA'rrs
581 1105 628 1151 in
654 1119 792 1149 usum
817 1102 989 1148 laetitiae
1014 1101 1204 1162 scyphis

395 1173 626 1234 Pugnare,
651 1169 896 1215 Thracum
918 1176 1001 1213 est.
1073 1166 1249 1213 Tollite
1274 1167 1523 1214 barbarum

458 1237 662 1294 Morem,
689 1235 1102 1294 verecundumque
1128 1233 1371 1278 Bacchum

522 1302 808 1364 Sanguineis
832 1300 1074 1362 prohibete
1098 1299 1223 1344 rixis.

391 1369 518 1416 Vino
542 1378 589 1415 et
612 1367 820 1414 lucernis
846 1365 1018 1411 Medus
1044 1365 1262 1410 acinaces

390 1431 606 1480 Immane
632 1431 860 1495 quantum
886 1432 1119 1491 discrepat
1140 1431 1149 1476 !
1188 1429 1392 1492 Impium

457 1499 627 1546 Lenite
652 1499 923 1555 clamorem,
949 1496 1146 1554 sodales,

523 1565 587 1612 Et
609 1565 769 1612 cubito
793 1572 1032 1611 remanete
1055 1577 1228 1624 presso.

1106 1716 1195 1723 ..—

773 1823 912 1871 ODE
935 1821 1132 1868 XXIII.

808 1935 1136 1972 ARCHYTAS.'

223 2066 226 2069 Δ
262 2032 388 2081 “TE
414 2032 555 2080 maris
578 2040 625 2078 et
648 2040 784 2077 terrae
808 2044 1097 2088 numeroque
1123 2028 1327 2074 carentis
1353 2043 1507 2076 arenae

523 2097 796 2143 Mensorem
822 2094 1059 2150 cohibent,
1086 2093 1314 2152 Archyta,

263 2165 475 2213 Pulveris
497 2162 657 2222 exigui
681 2175 824 2222 prope
849 2159 976 2204 littus
999 2173 1140 2218 parva
1165 2156 1403 2203 Matinum

528 2227 758 2281 Munera;
795 2240 886 2270 nec
910 2224 1163 2284 quidquam
1186 2223 1270 2268 tibi
1294 2223 1483 2284 prodest

265 2296 439 2343 Aerias
462 2293 670 2341 tentasse
695 2292 873 2348 domOS,
900 2290 1149 2349 animoque
1173 2289 1426 2334 rotundum

528 2358 822 2404 Percurrisse
846 2356 1020 2416 polum,
1046 2354 1295 2400 morituro!
1315 2354 1341 2373 ”

270 2429 296 2453 “
312 2426 508 2474 Occidit
531 2434 577 2470 et
602 2423 787 2483 Pelopis
810 2422 1009 2483 genitor,
1035 2421 1233 2466 conviva
1257 2420 1470 2478 deorum,

526 2490 858 2548 Tithonusque
883 2495 1088 2532 remotus
1109 2486 1156 2531 in
1182 2501 1333 2541 auras,

266 2557 330 2604 Et
354 2557 483 2603 Jovis
507 2555 692 2601 arcanis
717 2553 876 2599 Minos
901 2552 1131 2597 admissus
1154 2567 1162 2596 :
1201 2551 1467 2611 habentque

529 2620 732 2666 Tartara
754 2619 1069 2674 Panthoiden,
1096 2617 1264 2663 iterum
1287 2615 1417 2662 Orco

267 2687 553 2744 Demissum,
578 2686 805 2747 quamvis,
830 2684 995 2744 clypeo
1019 2682 1228 2743 Trojana
1252 2681 1395 2728 refixo

531 2751 772 2812 Tempora
795 2759 1005 2807 testatuS‚
1031 2749 1147 2794 nihil
1173 2748 1294 2793 ultra

270 2817 455 2865 Nervos
479 2826 616 2876 atque
641 2826 798 2861 cutem
823 2815 958 2861 morti
984 2821 1282 2859 concesserat
1306 2821 1443 2867 atrae;

533 2881 706 2926 Judice
731 2896 821 2937 me,
848 2878 1182 2926 non-sordidus
1206 2885 1367 2923 auctor

273 2948 469 2995 Naturae
493 2946 693 3006 verique.
767 2946 860 2990 Sed
884 2939 1048 2990 omnes
1073 2959 1167 2988 una
1191 2951 1349 2988 manet
1371 2958 1480 3000 nox,

536 3011 597 3057 Et
621 3011 850 3056 calcanda
874 3010 1016 3055 semel
1042 3009 1115 3053 via
1138 3008 1231 3053 leti.

274 3079 404 3126 Dant
428 3078 541 3124 alios
567 3076 722 3121 Furiae
747 3085 875 3120 torvo
900 3073 1167 3135 spectacula
1191 3072 1362 3118 Marti:

539 3141 696 3188 Exitio
721 3150 791 3186 est
814 3141 1000 3190 avidum
1026 3154 1154 3185 mare
1178 3139 1360 3184 nautis:

1712 508 1773 556 10

1717 2614 1776 2661 10

1718 2940 1778 2987 15
