1841 3349
90 192 191 242 »Μ
642 189 695 236 Q.
723 153 968 230 HORATIi
995 188 1203 229 FLACCI

721 373 985 421 SATIRA
1021 373 1107 421 VI.

684 488 751 519 AD
786 488 1132 519 MAECENATEM.

156 573 292 631 Now,
317 571 442 634 quia,
468 569 726 629 Maecenas,
752 570 993 631 Lydorum
1017 570 1246 630 quidquid
1270 569 1497 619 Etruscos

157 639 365 686 Incoluit
389 638 524 694 fines,
549 652 690 682 nemo
715 636 985 697 generosior
1009 644 1081 680 est
1104 644 1176 691 te;

156 704 267 751 Nec
292 702 419 765 quod
445 718 557 748 avus
582 702 664 747 tibi
692 711 934 747 maternus
960 701 1047 747 fuit
1072 710 1210 762 atque
1235 710 1462 763 paternus

157 769 287 816 Olim
312 770 391 831 qui
417 769 602 830 magnis
626 767 892 829 legionibus
919 767 1272 828 imperitarent3

157 835 221 883 Ut
243 836 454 897 plerique
479 834 644 891 solent,
671 850 785 879 naso
810 833 1058 894 suspendis
1083 834 1272 881 adunco
1704 833 1736 881 5

158 900 369 963 Ignotos,
396 910 446 946 ut
470 916 544 945 me
569 900 788 945 libertino
811 909 943 960 patre
969 908 1132 944 natum
1155 915 1164 944 :

154 968 325 1016 Quum
351 966 522 1012 referre
548 981 710 1027 negas,
735 965 860 1026 quali
885 965 944 1010 sit
967 965 1162 1025 quisque
1186 973 1382 1026 parente

156 1032 327 1090 Natus,
353 1033 466 1077 dum
492 1032 742 1093 ingenuus.
813 1030 1076 1076 Persuades
1102 1031 1190 1076 hoc
1215 1030 1299 1076 tibi
1325 1028 1450 1090 vere,

157 1099 287 1145 Ante
310 1107 589 1160 potestatem
615 1095 748 1142 Tulli
774 1105 911 1157 atque
937 1095 1143 1157 ignobile
1168 1111 1384 1157 regnum,

158 1164 335 1211 Multos
360 1161 484 1225 saepe
511 1164 631 1209 viros
657 1163 799 1208 nullis
824 1163 1077 1224 majoribus
1100 1170 1225 1208 ortos
1675 1162 1734 1209 10

157 1230 220 1276 Et
243 1230 412 1276 vixisse
436 1230 622 1291 probos,
649 1229 816 1290 amplis
840 1237 887 1274 et
912 1228 1168 1274 honoribus
1193 1236 1383 1273 auctos:

156 1294 352 1353 Contra,
378 1295 640 1352 Laevinum,
666 1293 827 1340 Valeri
851 1310 1019 1355 genus,
1045 1294 1172 1338 unde
1197 1294 1439 1355 Superbus

156 1362 448 1423 Tarquinius
472 1377 619 1422 regno
643 1361 805 1421 pulsus
831 1360 933 1417 fuit,
960 1360 1100 1405 unius
1124 1360 1240 1404 assis

157 1427 269 1474 Non
294 1443 501 1488 unquam
526 1427 674 1488 pretio
698 1426 844 1487 pluris
868 1425 1074 1482 licuisse,
1101 1434 1292 1470 notante

156 1493 186 1540 J
191 1494 347 1551 udice‚
372 1509 511 1554 quem
536 1491 677 1549 nosti,
702 1491 891 1553 populo,
916 1492 994 1551 qui
1019 1491 1188 1536 stultus
1215 1491 1417 1538 honores
1675 1491 1734 1538 15

158 1557 295 1621 Saepe
322 1560 402 1604 dat
427 1559 636 1620 indignis
659 1567 706 1603 et
731 1558 865 1603 famae
891 1557 1030 1602 servit
1054 1557 1268 1618 ineptus;

155 1625 259 1675 Qui
284 1634 438 1686 stupet
462 1626 509 1670 in
535 1624 682 1669 titulis
706 1633 752 1669 et
777 1623 1075 1684 imaginibus.
1145 1622 1281 1671 Quid
1326 1631 1507 1685 oportet

157 1691 260 1737 Nos
285 1691 456 1746 facere,
483 1707 510 1736 a
533 1690 676 1751 vulgo
699 1687 839 1751 longe
865 1687 1053 1749 lateque
1078 1689 1314 1734 remotos?

157 1756 378 1817 Namque
402 1766 519 1814 esto,
544 1755 742 1817 populus
767 1755 959 1800 Laevino
983 1755 1144 1800 mallet
1168 1755 1396 1800 honorem

155 1821 320 1873 Quam
346 1822 497 1868 Decio
523 1822 745 1867 mandare
770 1836 917 1876 novo3
955 1836 1214 1881 censorque
1238 1829 1444 1867 moveret
1669 1820 1736 1868 20

158 1889 359 1950 Appius,
386 1889 593 1949 ingenuo
618 1888 656 1932 si
681 1903 775 1933 non
800 1902 952 1932 essem
977 1895 1106 1947 patre
1131 1895 1296 1932 natus:

158 1955 247 2001 Vel
273 1952 458 2012 merito,
483 1954 704 2015 quoniam
730 1954 778 1998 in
803 1952 989 2014 propria
1016 1968 1111 1998 non
1136 1952 1257 2014 pelle
1282 1949 1536 2013 quiessem.

158 2021 255 2067 Sed
281 2020 488 2081 fulgente
512 2021 653 2066 trahit
676 2019 954 2065 constrictos
977 2018 1139 2064 Gloria
1163 2033 1303 2064 curru

159 2085 271 2133 Non
296 2085 455 2132 minus
480 2086 664 2147 ignotos
688 2085 942 2146 generosis.
1012 2082 1128 2133 Quo
1154 2084 1254 2141 tibi,
1280 2083 1428 2142 Tulli,

160 2152 359 2198 Sumere
385 2152 646 2212 depositum
674 2152 874 2207 clavum,
903 2149 1092 2210 fierique
1117 2150 1338 2195 tribuno?
1667 2148 1733 2196 25

159 2217 344 2264 Invidia
370 2217 591 2274 accrevit,
616 2217 794 2277 privato
818 2231 920 2276 quae
946 2216 1097 2261 minor
1121 2223 1272 2270 esset;

159 2282 306 2340 Nam,
332 2292 382 2328 ut
405 2283 599 2343 quisque
627 2283 820 2327 insanus
846 2281 991 2342 nigris
1018 2281 1224 2325 medium
1251 2279 1466 2341 impediit
1489 2294 1599 2326 crus

159 2348 386 2406 Pellibus,
412 2358 457 2393 et
481 2349 625 2393 latum
652 2348 839 2393 demisit
862 2355 1049 2407 pectore
1075 2346 1274 2403 clavum,

160 2416 310 2461 Audit
330 2412 573 2470 continuo,
597 2419 622 2437 “
641 2414 768 2462 Quis
788 2414 926 2458 homo
947 2412 1023 2456 hic
1039 2412 1086 2456 ?'’
1117 2421 1178 2469 et,
1201 2416 1228 2434 “
1245 2411 1361 2460 Quo
1379 2420 1510 2473 patre
1529 2419 1668 2458 natus
1682 2411 1731 2456 'l''

160 2479 239 2539 Ut,
265 2481 303 2526 si
327 2481 405 2540 qui
432 2489 625 2541 aegrotet
648 2496 738 2540 quo
764 2478 924 2523 morbo
950 2477 1138 2534 Barrus,
1165 2478 1325 2524 haberi
1672 2477 1736 2524 30

160 2546 224 2594 Ut
248 2547 405 2608 cupiat
431 2546 675 2603 formosus,
702 2554 775 2590 eat
801 2545 1096 2605 quacunque,
1122 2543 1289 2603 puellis

162 2612 353 2674 Injiciat
377 2628 536 2659 curam
564 2612 803 2672 quaerendi
830 2609 1029 2670 singula,
1055 2609 1179 2671 quali

163 2679 236 2724 Sit
262 2679 396 2736 facie,
423 2679 530 2723 sura
549 2678 690 2738 quali,
717 2677 852 2738 pede,
879 2677 1035 2732 dente,
1061 2675 1228 2736 capillo
1250 2691 1258 2720 :

165 2744 247 2789 Sic
270 2745 348 2803 qui
374 2744 613 2804 promittit,
639 2744 781 2800 cives,
811 2742 982 2787 Urbem
1008 2741 1094 2787 sibi
1119 2755 1261 2797 curae,

164 2807 422 2869 Imperium
445 2810 554 2866 sore,
580 2819 626 2854 et
652 2808 853 2865 Italiam,
879 2816 925 2852 et
949 2807 1141 2852 delubra
1167 2806 1392 2862 deorum3
1673 2804 1737 2853 35

161 2873 279 2923 Quo
302 2884 430 2934 patre
456 2875 514 2918 sit
540 2883 691 2931 natus,
718 2889 829 2919 num
857 2873 1015 2933 ignota
1039 2880 1184 2917 matre
1211 2872 1503 2931 inhonestus,

166 2938 350 2984 Omnes
375 2939 592 2983 mortales
617 2955 780 2984 curare
805 2947 851 2983 et
874 2952 1081 2997 quaerere
1106 2936 1315 2997 cogit.—

166 3003 311 3050 Tune
338 3003 459 3065 Syri,
486 3002 666 3059 Damae,
693 3013 772 3048 aut
796 3002 994 3062 Dionysi
1021 3001 1158 3058 filius,
1185 3002 1331 3048 audes

168 3068 387 3130 Dejicere
411 3085 438 3114 e
461 3083 572 3114 saxo
596 3069 736 3124 cives,
757 3077 836 3112 aut
860 3068 1041 3112 tradere
1066 3067 1249 3113 Cadmo
1265 3068 1347 3112 'l—

169 3133 238 3183 At
259 3134 443 3187 Novius
467 3133 647 3197 collega
669 3133 818 3198 gradu
840 3142 947 3196 post
968 3148 1044 3182 me
1068 3133 1201 3181 sedet
1226 3147 1346 3181 uno:
1675 3129 1740 3177 40
