1841 3349
601 171 934 211 CARMINUM
964 173 1072 214 LIB.
1105 177 1184 215 ΠΙ.

390 285 562 333 Custos
583 303 593 334 :
630 298 887 336 amatorem
913 300 1139 340 trecentae

455 351 722 401 Pirithoum
747 357 973 405 cohibent
997 369 1193 407 catenae.

781 651 922 699 ODE
946 655 1006 701 V.

315 748 471 796 COELo
495 758 741 796 tonantem
766 752 1054 798 credidimus
1078 753 1248 803 Jovem

314 817 568 878 Regnare:
605 832 811 877 praesens
836 818 971 864 divus
996 820 1245 869 habebitur

380 883 644 944 Augustae,
670 884 868 945 adjectis
895 884 1134 932 Britannis

445 948 668 1010 Imperio,
695 950 1009 1011 gravibusque
1035 953 1204 1000 Persis.

314 1014 518 1060 Milesne
543 1014 706 1059 Crassi
729 1015 931 1076 conjuge
958 1017 1157 1064 barbara

312 1080 490 1141 Turpis
514 1081 709 1126 maritus
736 1081 871 1126 vixit!
911 1091 958 1127 et
982 1083 1187 1132 hostium

381 1145 530 1208 (Proh
555 1147 702 1203 curia,
729 1147 994 1208 inversique
1019 1151 1222 1217 moresl)

443 1212 709 1258 Consenuit
732 1228 1000 1259 socerorum
1024 1216 1073 1262 in
1100 1219 1237 1277 arvis,

309 1278 410 1325 Sub
433 1293 544 1338 rege
568 1276 731 1335 Medo,
758 1277 946 1323 Marsus
970 1289 1017 1326 et
1041 1283 1278 1345 Appulus,

307 1344 606 1391 Anciliorum
632 1352 678 1388 et
702 1344 908 1389 nominis
932 1354 979 1390 ot
1002 1355 1123 1408 togae

372 1410 580 1467 Oblitus,
608 1419 889 1471 aeternaeque
915 1411 1091 1472 Vestae,

437 1475 674 1522 Incolumi
699 1475 818 1522 Jove
843 1485 891 1522 et
914 1479 1029 1525 urbe
1056 1480 1244 1530 Roma!

304 1542 413 1589 Hoc
438 1551 625 1588 caverat
648 1557 783 1588 mens
806 1544 1000 1604 provida
1024 1545 1220 1610 Reguli,

303 1608 642 1655 Dissentientis
666 1609 1020 1655 conditionibus

366 1674 543 1732 Foedis,
570 1683 617 1720 et
639 1673 854 1734 exemplo
877 1676 1082 1724 trahenti

428 1740 698 1786 Perniciem
722 1740 917 1785 veniens
941 1741 990 1786 in
1016 1759 1183 1805 aevum,

301 1807 354 1853 Si
378 1822 474 1853 non
496 1807 671 1867 periret
694 1806 1043 1855 immiserabilis
1121 1824 1125 1826 ’

298 1873 497 1934 Captiva
518 1873 681 1933 pubes.
742 1876 771 1896 “
790 1873 939 1934 Signa
963 1891 1052 1937 ego
1075 1875 1272 1925 Punicis

367 1938 526 1983 Affixa
549 1938 772 1995 delubriS‚
797 1947 844 1984 et
868 1955 998 1986 arma

429 2002 662 2049 Militibus
686 2004 788 2049 sine
813 2005 991 2063 caede‚”
1014 2006 1147 2067 dixit,

296 2073 326 2095 “
349 2069 547 2131 Direpta
571 2069 694 2115 vidi:
731 2070 827 2115 vidi
851 2086 941 2132 ego
967 2072 1141 2119 civium

294 2137 495 2183 Retorta
518 2145 650 2197 tergo
676 2135 870 2182 brachia
892 2137 1058 2197 libero,

359 2202 618 2262 Portasque
642 2218 738 2247 non
763 2203 964 2263 clausas,
989 2213 1037 2251 et
1061 2220 1173 2253 arva

424 2266 580 2314 Marte
605 2268 695 2313 coli
720 2269 941 2330 populata
964 2279 1138 2319 nostro.

290 2333 424 2379 Auro
448 2350 676 2395 repensus
701 2335 883 2381 scilicet
908 2337 1060 2383 acrior

288 2398 431 2445 Miles
456 2400 658 2446 redibit?
715 2400 918 2463 Flagitio
942 2403 1116 2450 additis

353 2465 609 2511 Damnum.
663 2465 833 2527 Neque
859 2469 1054 2516 amissos
1078 2470 1261 2518 colores

419 2530 554 2576 Lana
576 2532 717 2578 refert
743 2535 977 2581 medic-ata
1003 2537 1134 2593 fuco;

286 2594 395 2641 Nec
418 2611 527 2641 vera
550 2598 711 2654 virtus,
736 2615 881 2657 quum
907 2603 1052 2648 semel
1078 2595 1271 2663 excidit,

285 2661 436 2707 Curat
455 2662 618 2722 reponi
643 2663 966 2710 deterioribus.

351 2726 403 2772 Si
426 2736 607 2788 pugnat
625 2727 854 2774 extricata
879 2730 1039 2776 densis

414 2792 567 2838 Cerva
588 2793 766 2854 plagis3
803 2795 892 2841 erit
910 2796 988 2842 ille
1013 2797 1159 2858 fortis,

282 2857 385 2908 Qui
408 2858 599 2919 perfidis
624 2875 674 2904 se
699 2861 901 2908 credidit
927 2863 1166 2923 hostibus;

285 2922 348 2969 Et
371 2923 525 2970 Marte
544 2925 717 2972 Poenos
740 2936 946 2987 proteret
969 2929 1132 2990 altero,

346 2988 450 3039 Qui
475 2990 572 3036 lora
594 2993 821 3039 restrictis
844 2994 1032 3042 lacertis

427 3055 586 3102 Sensit
610 3058 751 3118 iners,
778 3060 1024 3122 timuitque
1048 3072 1261 3113 mortem.

280 3119 394 3180 Hic,
421 3122 549 3169 unde
571 3123 714 3171 vitam
737 3136 944 3174 sumeret
966 3129 1163 3190 inscius,

1637 172 1713 236 “43

1648 368 1712 416 80

1640 1359 1702 1406 10

1636 1688 1697 1735 15

1560 2059 1569 2069 Ι,
1625 2017 1691 2066 20

1620 2347 1685 2396 25

1613 2675 1680 2724 30
