1841 3349
591 199 939 240 SATIRARUM
969 198 1079 238 LIB.
1109 199 1168 240 11.
1194 203 1233 242 4

701 382 964 430 SATIRA
1000 381 1088 430 IV.

772 521 1014 549 HoRATmS.

136 579 302 637 Unum,
326 587 375 625 et
396 575 489 640 quo
515 577 715 624 Catius?

809 703 979 729 CATIUS.

1631 200 1721 248 129

927 775 1039 822 Non
1065 785 1134 822 est
1158 776 1274 822 mihi
1299 786 1485 839 tempus
1509 775 1666 824 aventi

135 842 319 889 Ponere
344 842 481 904 signa
505 841 637 888 novis
661 841 926 903 praeceptis‚
952 842 1108 902 qualia
1133 843 1325 888 vincant

135 907 467 970 Pythagoram,
494 907 735 968 Anytique
759 924 909 965 reum,
935 909 1219 969 doctumque
1244 908 1455 956 Platona.

773 1033 1013 1059 HORATIUS.

135 1106 392 1153 Peccatum
418 1106 579 1163 fateor,
604 1121 745 1166 quum
773 1115 818 1151 te
844 1105 911 1150 sic
937 1115 1144 1167 tempore
1169 1106 1286 1169 lraevo

133 1171 478 1233 Interpellarim
502 1188 510 1216 z
548 1172 646 1228 sed,
672 1172 754 1216 des
780 1171 964 1216 veniam
993 1172 1157 1230 bonus,
1183 1189 1277 1219 oro.

132 1236 282 1287 Quod
308 1238 345 1282 si
372 1238 662 1282 interciderit
686 1238 766 1282 tibi
794 1253 923 1282 nunc
949 1238 1139 1298 aliquid,
1167 1248 1348 1300 repetes
1372 1254 1511 1297 m0x;

133 1304 243 1350 Sive
267 1314 338 1349 est
362 1313 539 1349 naturae
565 1304 671 1361 hoc,
697 1304 793 1348 sive
819 1304 945 1361 artis,
971 1305 1117 1350 mirus
1143 1314 1353 1366 utroque.

805 1429 975 1455 CATIUS.

130 1501 267 1552 Quin
294 1502 339 1547 id
364 1510 464 1548 erat
487 1517 629 1559 curae,
654 1517 745 1562 quo
767 1512 906 1563 pacto
932 1511 1105 1548 cuncta
1128 1510 1365 1561 tenerem3

131 1567 304 1629 Utpote
328 1585 401 1614 res
426 1578 609 1627 tenues,
635 1568 764 1614 tenui
791 1582 1006 1614 sermone
1030 1580 1257 1630 peractas.

770 1694 939 1719 HORATI
949 1695 1010 1719 US.

132 1765 236 1812 Ede
260 1765 464 1812 hominis
489 1781 693 1812 nomen:
729 1765 867 1810 simul
893 1775 940 1811 et
965 1765 1215 1813 Romanus
1239 1782 1300 1813 an
1325 1767 1508 1830 hospes.

806 1891 976 1917 CATJUS.

132 1964 242 2026 Ipsa
267 1979 443 2009 memor
467 1972 702 2024 praecepta
726 1978 924 2019 canam;
963 1963 1192 2010 celabitur
1219 1974 1396 2014 auctor.

132 2030 300 2091 Longa
322 2030 492 2090 quibus
518 2029 661 2074 facies
684 2030 783 2074 ovis
806 2030 909 2087 erit,
935 2030 1013 2075 illa
1033 2040 1285 2089 memento,

131 2095 195 2142 Ut
218 2096 350 2140 succi
376 2095 580 2141 melioris
604 2104 651 2140 et
675 2104 725 2140 ut
749 2093 901 2156 magis
926 2096 1049 2141 alma
1074 2098 1304 2156 rotundis,

131 2161 341 2208 Ponere:
378 2176 579 2221 namque
605 2176 780 2206 marem
808 2162 1030 2208 cohibent
1055 2162 1231 2217 callosa
1256 2163 1493 2210 vitellum:

131 2227 281 2273 Caule
306 2227 591 2284 suburbano,
617 2228 694 2287 qui
720 2227 860 2272 siccis
885 2229 1030 2274 crevit
1057 2229 1103 2273 in
1131 2230 1272 2290 agris,

130 2293 326 2339 Dulcior
347 2310 357 2349 ;
395 2293 568 2354 irriguo
593 2293 708 2338 nihil
734 2304 804 2338 est
828 2294 999 2339 elutius
1027 2295 1171 2341 horto.

131 2360 184 2405 Si
209 2360 499 2419 vespertinus
524 2358 679 2404 subito
705 2369 750 2404 te
774 2361 1055 2420 oppresserit
1081 2362 1264 2423 hospes,

129 2424 207 2471 Ne
232 2426 406 2486 gallina
431 2422 602 2470 malum
631 2437 871 2486 responset
895 2427 1012 2471 dura
1035 2427 1203 2486 palato,

131 2490 314 2537 Doctus
338 2491 429 2534 eris
456 2491 603 2535 vivam
632 2492 776 2536 mixto
802 2507 1005 2537 mersare
1034 2492 1262 2538 Falerno:

133 2556 242 2602 Hoc
266 2565 475 2600 teneram
502 2555 654 2600 faciet.
727 2556 1032 2602 Pratensibus
1056 2554 1233 2618 optima
1259 2559 1415 2619 fungis

130 2621 315 2668 Natura
339 2631 434 2674 est;
473 2619 575 2663 aliis
601 2619 721 2664 male
749 2618 1128 2694 crediturfwllle
1154 2624 1366 2670 salubres

131 2687 340 2734 AEstates
366 2694 573 2745 peraget,
599 2686 676 2744 qui
698 2686 843 2745 nigris
869 2687 1064 2746 prandia
1093 2689 1233 2733 moris

129 2753 304 2808 Finiet,
331 2761 438 2795 ante
462 2766 649 2810 gravem
676 2766 779 2810 quae
806 2752 970 2811 legerit
994 2753 1156 2797 arbore
1182 2753 1340 2799 solem.

130 2817 352 2864 Aufidius
380 2815 482 2860 forti
510 2816 738 2861 miscebat
764 2817 902 2861 mella
929 2817 1155 2874 Falern03

131 2879 382 2938 Mendose,
407 2882 627 2941 quoniam
656 2883 813 2927 vacuis
839 2884 1132 2929 committere
1159 2884 1289 2930 venis

129 2948 211 2995 Nil
238 2948 327 2993 nisi
353 2947 458 2991 lene
484 2948 621 2993 decet
643 2964 651 2992 :
690 2948 783 2993 leni
809 2964 893 3009 pra
906 2950 1066 2995 cordia
1091 2950 1241 2996 mulso

129 3013 364 3060 Prolueris
391 3011 569 3058 melius.
642 3013 693 3058 Si
719 3015 834 3060 dura
862 3015 1113 3061 morabitur
1139 3017 1286 3074 alvus,

131 3079 327 3141 Mytilus
351 3088 398 3124 et
423 3078 535 3123 viles
559 3079 734 3140 pellent
757 3081 991 3128 obstantia
1015 3083 1228 3140 conchae,

129 3145 193 3192 Et
215 3144 390 3208 lapathi
416 3144 568 3190 brevis
592 3146 752 3205 herba,
777 3147 860 3193 sed
886 3148 992 3195 albo
1019 3165 1114 3195 non
1140 3149 1242 3194 sine
1267 3147 1383 3195 Coo.

1661 1768 1719 1816 lo

1656 2231 1717 2278 15

1647 2557 1716 2605 20
