1841 3349
43 151 111 210 92
584 145 637 192 Q.
668 141 912 197 HoaA'rn
941 141 1148 184 FLAcm

114 265 211 312 Sed
235 273 395 311 tamen
419 273 576 310 amoto
598 279 863 324 quaeramus
883 263 1009 310 seria
1031 263 1156 309 ludo.

110 330 198 377 Ille
223 345 411 392 gravem
437 329 555 376 duro
578 338 748 375 terram
773 329 852 389 qui
877 329 1013 375 vertit
1036 338 1204 385 aratro,

110 395 326 443 Perfidus
350 395 428 441 hic
452 411 621 456 caupo,
645 394 796 450 mileS,
822 404 1070 454 nautaeque
1095 409 1176 454 per
1200 405 1341 438 omne

111 461 338 508 Audaces
363 475 490 506 mare
515 460 594 521 qui
620 469 832 517 currunt,
859 461 949 504 hac
974 469 1132 504 mente
1158 458 1366 503 laborem
1637 454 1702 501 30

112 527 229 573 Sese
255 527 392 584 ferre,
419 541 557 572 senes
581 534 631 570 ut
656 525 703 570 in
728 525 823 570 otia
847 534 948 570 tuta
974 525 1215 580 recedant,

111 592 281 650 Aiunt,
305 607 450 653 quum
475 590 563 636 sibi
588 590 682 635 sint
705 599 931 650 congesta
950 589 1155 634 cibaria:
1193 588 1316 633 sicut

110 657 326 715 Parvula,
351 672 460 703 nam
479 654 692 716 exemplo
717 664 802 712 est,
829 655 987 715 magni
1014 654 1208 700 formica
1231 650 1404 699 laboris

110 723 210 771 Ore
235 723 380 769 trahit
403 722 717 783 quodcunque
742 729 910 781 potest,
937 731 1074 780 atque
1100 719 1230 765 addit
1254 732 1421 763 acervo

110 788 275 839 Quem
300 788 450 846 struit,
476 787 601 833 haud
627 787 791 848 ignara
816 802 871 831 ac
895 802 990 831 non
1018 786 1208 830 incauta
1233 783 1389 829 futuri.
1641 779 1704 827 35

110 853 256 913 Quae,
282 854 421 900 simul
448 854 685 899 inversum
711 852 957 897 contristat
982 851 1220 911 Aquarius
1244 863 1439 906 annum,

113 918 226 966 Non
251 935 446 980 usquam
471 918 692 979 prorepit,
718 926 766 962 et
785 917 875 962 illis
900 917 1043 962 utitur
1069 914 1179 961 ante

111 984 345 1034 Quaesitis
370 984 587 1045 sapiens:
625 998 770 1043 quum
794 991 839 1027 te
863 997 1017 1042 neque
1043 981 1249 1027 fervidus
1278 987 1418 1024 aestus

111 1049 361 1096 Dimoveat
384 1049 531 1107 lucro,
557 1064 709 1108 neque
736 1047 902 1104 hiems,
930 1047 1068 1108 ignis,
1095 1061 1242 1104 mare,
1269 1045 1471 1100 ferrum3

111 1115 196 1162 Nil
221 1116 373 1162 obstet
395 1114 496 1172 tibi,
522 1115 635 1159 dum
660 1129 720 1159 ne
744 1113 803 1158 sit
826 1122 871 1158 te
898 1113 1035 1158 ditior
1061 1112 1189 1158 alter.
1640 1106 1704 1153 40

111 1180 249 1232 Quid
270 1181 402 1245 juvat
429 1180 711 1226 immensum
737 1187 782 1224 te
809 1179 991 1240 argenti
1016 1179 1201 1239 pondus
1225 1185 1272 1222 et
1291 1175 1390 1221 auri

112 1245 298 1293 Furtim
323 1246 508 1293 defossa
527 1245 745 1291 timidum
771 1245 1007 1305 deponere
1032 1244 1156 1289 terra
1167 1244 1253 1288 CP—

111 1311 277 1370 Quod,
315 1313 352 1358 si
378 1312 691 1368 comminuas,
717 1310 857 1355 vilem
883 1310 1121 1370 redigatur
1147 1309 1206 1354 ad
1231 1320 1467 1353 assem.—

113 1378 196 1436 At,
221 1378 270 1423 ni
296 1378 343 1424 id
367 1377 433 1435 fit,
459 1377 570 1437 quid
598 1377 738 1422 habet
760 1375 946 1437 pulchri
972 1384 1270 1421 constructus
1295 1385 1492 1418 acervus
1509 1370 1528 1415 ’ἲ

114 1442 271 1490 Millia
295 1443 518 1489 frumenti
543 1451 622 1488 tua
647 1441 824 1487 triverit
849 1457 957 1486 area
981 1449 1201 1495 centum3
1641 1434 1706 1481 45

114 1508 226 1556 Non
250 1518 359 1556 tuus
384 1510 473 1555 hoc
499 1508 653 1569 capiet
678 1516 837 1553 venter
861 1507 966 1567 plus
989 1504 1131 1567 quam
1155 1519 1315 1550 meus:
1354 1510 1422 1561 ut,
1445 1501 1485 1547 si

115 1575 397 1622 Reticulum
421 1574 558 1636 panis
583 1573 771 1618 venales
798 1573 918 1618 inter
943 1581 1113 1618 onusto

115 1639 260 1687 Forte
285 1641 429 1696 vehas
455 1641 668 1696 humero,
694 1638 843 1684 nihilo
869 1638 974 1699 plus
999 1636 1205 1698 accipias
1229 1633 1371 1696 quam

119 1707 223 1760 Qui
249 1707 313 1752 nil
339 1706 547 1768 portarit.
607 1704 698 1750 Vel
724 1704 818 1762 dic,
843 1704 953 1764 quid
979 1703 1150 1749 reserat
1175 1702 1296 1748 intra

115 1772 312 1819 Naturae
338 1772 456 1818 fines
481 1770 671 1827 viventi,
692 1770 859 1830 jugera
883 1778 1092 1826 centum,
1120 1784 1178 1812 an
1642 1763 1707 1810 50

115 1836 250 1885 Mille
276 1847 374 1883 aret
388 1837 543 1883 ‘l—At
567 1851 708 1881 suave
733 1844 804 1881 est
828 1851 886 1880 ex
910 1850 1082 1896 magno
1106 1833 1267 1879 tollere
1293 1844 1541 1876 acervo.—

115 1904 244 1951 Dum
269 1920 327 1950 ex
351 1919 491 1965 parvo
515 1901 650 1948 nobis
674 1901 951 1946 tantundem
980 1901 1166 1946 haurire
1191 1897 1444 1957 relinquas,

115 1970 215 2017 Cur
239 1978 321 2015 tua
343 1967 450 2030 plus
474 1968 638 2014 laudes
664 1967 869 2012 cumeris
893 1966 1114 2028 granaria
1135 1962 1337 2010 nostris?

115 2035 196 2093 Ut,
221 2036 306 2081 tibi
331 2035 369 2080 si
395 2035 454 2080 sit
476 2049 594 2095 opus
618 2033 780 2093 liquidi
807 2049 900 2078 non
928 2032 1127 2092 amplius
1152 2029 1287 2086 urna,

115 2101 206 2148 Vel
232 2102 418 2161 cyatho,
444 2109 491 2145 et
515 2100 674 2144 dicas:
717 2102 745 2121 “
769 2097 948 2158 Magno
973 2099 1031 2142 de
1057 2096 1249 2141 flumine
1269 2092 1475 2149 mallem,
1641 2089 1705 2135 55

115 2165 280 2217 Quam
306 2182 364 2212 ex
388 2166 478 2211 hoc
503 2163 728 2210 fonticulo
751 2164 1031 2208 tantundem
1058 2160 1287 2206 sumere.’'
1361 2154 1434 2204 Εό
1460 2155 1511 2203 fit

117 2231 310 2279 Plenior
336 2241 387 2276 ut.
411 2231 449 2276 si
473 2246 588 2290 quos
613 2229 816 2274 delectet
841 2229 975 2288 copia
995 2227 1136 2288 justo,

118 2298 243 2345 Cum
269 2297 370 2357 ripa
395 2295 531 2341 simul
558 2295 740 2341 avulsos
767 2294 882 2339 ferat
909 2293 1111 2338 Aufidus
1137 2307 1267 2337 acer:

120 2363 188 2410 At
210 2363 288 2423 qui
314 2361 493 2408 tantulo
514 2370 621 2419 eget
644 2369 817 2420 quanto
841 2368 911 2404 est
934 2374 1066 2419 opus,
1094 2358 1131 2403 is
1156 2371 1308 2416 neque
1332 2354 1444 2400 limo

119 2428 383 2475 Turbatam
411 2427 564 2473 haurit
588 2441 771 2485 aquam,
793 2440 944 2485 neque
972 2424 1110 2468 vitam
1137 2422 1305 2468 amittit
1331 2421 1377 2466 in
1403 2418 1555 2464 undis.
1641 2417 1705 2463 60

186 2494 255 2540 At
278 2495 400 2539 bona
424 2509 530 2554 pars
556 2491 798 2537 hominum
826 2491 1024 2550 decepta
1049 2489 1271 2549 cupidine
1298 2487 1428 2543 falso,

121 2563 152 2586 “
174 2559 256 2605 Nil
278 2557 390 2605 satis
410 2559 527 2614 est‚''
550 2557 725 2617 inquit3
753 2561 780 2579 ‘⁴
803 2557 911 2616 quia
928 2564 1059 2612 tantl,
1081 2562 1307 2614 quantum
1330 2551 1521 2609 habeas,
1541 2547 1650 2595 siS.''

119 2623 253 2675 Quid
282 2625 424 2670 facias
450 2624 547 2670 illi?
578 2623 745 2684 jubeas
769 2622 990 2666 miserum
1018 2636 1138 2677 esse,
1162 2619 1361 2664 libenter

119 2690 378 2740 Quatenus
403 2691 450 2735 id
477 2689 615 2735 facit:
653 2697 703 2733 ut
727 2688 915 2748 quidam
942 2694 1225 2731 memoratur
1252 2682 1473 2739 AtheniS‚

123 2755 352 2802 Sordidus
379 2772 433 2800 ac
459 2756 603 2812 dives,
627 2753 786 2815 populi
812 2761 1114 2799 contemnere
1139 2765 1276 2795 voces
1639 2744 1704 2790 65

125 2820 208 2868 Sic
232 2820 421 2866 solitus:
461 2824 488 2843 “
509 2819 714 2880 Populus
741 2835 814 2864 me
841 2818 1020 2871 sibilat;
1059 2826 1104 2861 at
1131 2814 1243 2860 mihi
1270 2813 1442 2874 plaudo

124 2884 234 2948 Ipse
260 2885 403 2942 domi,
430 2885 566 2929 simul
593 2900 648 2929 ac
674 2900 892 2929 nummos
918 2880 1206 2941 contemplor
1233 2880 1280 2925 in
1305 2877 1462 2926 arcii?

124 2951 360 2998 Tantalus
384 2966 409 2995 a
436 2949 578 2994 labris
597 2949 759 2993 sitiens
785 2948 1012 3009 fugientia
1037 2956 1193 3005 captat

126 3015 362 3063 Flumina.
421 3014 554 3064 Quid
581 3014 740 3059 rides?
776 3022 953 3058 mutato
978 3011 1168 3057 nomine
1194 3011 1252 3055 de
1275 3019 1322 3057 te

127 3080 312 3129 Fabula
333 3089 575 3129 narratur:
612 3077 848 3141 congestis
872 3077 1080 3138 undique
1105 3075 1257 3124 saccis
1639 3065 1706 3114 70
