1841 3349
78 203 138 249 12

626 211 677 256 Q.
707 208 951 250 HORATII
978 213 1186 253 FLACCI

339 328 431 375 Irae
455 328 701 390 Thyesten
727 330 869 376 exitio
893 331 1023 390 gravi

341 394 587 451 Stravere3
624 405 671 441 et
695 395 798 441 altis
824 396 1017 443 urbibus
1041 397 1216 442 ultimae

471 459 656 507 Stetere
682 477 836 506 causae
862 477 945 508 cur
970 463 1177 523 perirent

605 526 855 583 FundituS‚
882 528 1259 588 imprimeretque
1284 529 1430 575 muris

338 591 522 638 Hostile
548 601 750 637 aratrum
777 594 1008 637 exercitus
1035 593 1253 638 insolens.

338 657 601 718 Compesce
627 666 847 702 mentem.
920 657 1001 702 Me
1026 674 1208 718 quoque
1232 660 1435 720 pectoris

469 722 695 768 Tentavit
719 722 766 767 in
793 722 919 767 dulci
941 723 1135 784 juventa

604 787 794 845 Fervor‚
820 796 866 832 et
890 788 937 833 in
964 789 1144 834 celeres
1169 789 1347 836 iambos

337 853 471 899 Misit
495 853 755 899 furentem:
793 869 922 898 nunc
947 869 1035 914 ego
1060 855 1249 900 mitibus

338 918 526 966 Mutare
551 933 709 979 quaero
733 919 897 975 tristia,
924 920 1035 963 dum
1061 920 1176 965 mihi

469 983 509 1029 F
513 984 581 1029 ias
605 984 858 1028 recantatis
884 985 1036 1028 amica

598 1046 892 1109 OpprobriiS‚
919 1048 1222 1110 animumque
1246 1048 1424 1095 reddas,

677 1311 680 1314 ’
757 1307 897 1354 ODE
931 1308 1042 1356 XV.

673 1422 738 1453 AD
775 1422 1127 1453 TYNDARIDEM.

326 1508 504 1556 VELox
529 1521 767 1553 amoenum
792 1503 914 1566 saepe
941 1505 1228 1551 Lucretilem

335 1574 493 1621 Mutat
517 1573 687 1632 Lycaeo
715 1571 924 1629 Faunus,
951 1581 997 1616 et
1022 1572 1210 1632 igneam

469 1638 696 1684 Defendit
721 1646 928 1682 aestatem
954 1638 1146 1697 capellis

598 1702 756 1762 Usque
777 1703 910 1759 meis,
936 1702 1208 1763 pluviosque
1233 1711 1422 1755 ventos„

333 1766 537 1832 Impune
562 1777 713 1814 tutum
740 1784 820 1829 per
846 1783 1012 1812 nemus
1039 1769 1225 1814 arbutos

332 1836 573 1887 Quaerunt
595 1834 793 1880 latentes
818 1842 864 1878 et
888 1833 1049 1893 thyma
1073 1834 1219 1878 deviae

466 1900 655 1946 Olentis
679 1914 847 1944 uxores
872 1899 1024 1943 mariti
1044 1915 1054 1954 ;

596 1963 705 2010 Nec
729 1964 899 2009 virides
924 1973 1140 2009 metuunt
1166 1964 1398 2023 colubras,

334 2031 443 2078 Nec
469 2030 712 2076 Martiales
738 2030 961 2074 haeduleae
987 2029 1119 2089 lupos
1139 2046 1149 2084 ;

331 2097 584 2156 Utcunque
609 2095 753 2151 dulci,
780 2093 1010 2153 Tyndari,
1039 2094 1193 2139 fistula

461 2161 622 2208 Valles
646 2169 692 2205 et
719 2159 889 2204 Usticae
915 2159 1130 2203 cubantis

599 2225 744 2270 Levia
767 2223 1054 2287 personuere
1081 2241 1203 2269 saxa.

323 2292 387 2340 Di
413 2308 487 2338 me
512 2300 701 2337 tuentur
723 2307 732 2335 :
770 2290 841 2334 dis
867 2291 1014 2350 pietas
1041 2306 1144 2334 mea

332 2359 395 2405 Et
419 2357 560 2403 Musa
583 2357 713 2402 cordi
738 2364 820 2401 est.
893 2355 989 2400 Hic
1014 2355 1096 2400 tibi
1122 2355 1257 2416 copia

466 2422 682 2468 Manabit
706 2422 764 2466 ad
788 2421 979 2482 plenum
1008 2421 1212 2481 benigno

595 2487 743 2532 Ruris
768 2487 996 2531 honorum
1021 2486 1242 2546 opulenta
1266 2500 1427 2532 cornu.

331 2553 432 2602 Hic
456 2554 504 2601 in
531 2553 725 2598 reducta
753 2552 866 2596 valle
892 2551 1134 2596 Caniculae

331 2619 518 2667 Vitabis
544 2628 708 2673 aestus;
745 2626 792 2662 et
816 2617 906 2662 fide
932 2616 1059 2662 Teia

462 2684 607 2731 Dices
631 2683 893 2728 laborantes
919 2682 966 2726 in
992 2698 1086 2727 uno

594 2749 862 2808 Penelopen
889 2747 1173 2806 vitreamque
1198 2746 1386 2793 Circen.

335 2814 430 2861 Hic
454 2815 719 2860 innocentis
743 2812 910 2872 pocula
934 2812 1092 2856 Lesbii

329 2879 491 2927 Duces
515 2879 601 2924 sub
628 2878 820 2922 umbrit:
859 2893 948 2922 nec
974 2876 1236 2921 Semeleius

463 2944 588 2991 Cum
614 2942 767 2987 Marte
794 2942 1052 2987 confundet
1076 2941 1338 3001 Thyoneus

592 3008 788 3064 Proelia3
815 3023 906 3053 nec
930 3017 1111 3053 metues
1134 3016 1382 3068 protervos.

1656 2098 1716 2146 10

1653 2423 1714 2470 15
