1841 3349
613 179 664 238 Q·
694 177 938 218 HORATII
966 175 1173 217 FLAccl

756 359 895 407 ODE
931 359 1024 407 III.

672 474 738 504 AD
762 473 1106 505 MAECENATEM.

266 559 523 607 PAREN'ns
547 557 657 603 olim
683 557 720 602 si
745 557 848 616 quis
873 556 1017 616 impia
1043 570 1185 601 manu

467 621 627 668 Senile
647 630 805 682 guttur
831 621 1034 681 fregerit,

268 689 394 736 Edat
416 687 585 733 cicutis
610 687 770 732 allium
796 685 1060 731 nocentius.

465 752 511 798 O
536 753 653 797 dura
677 767 940 797 messorum
965 751 1070 796 ilia!

266 819 401 870 Quid
427 819 518 864 hoc
543 817 712 862 veneni
738 817 868 862 saevit
892 817 939 861 in
965 814 1270 876 praecordiis'?

467 882 598 928 Num
623 883 861 943 viperinus
886 882 957 926 his
982 896 1118 927 cruor

271 949 496 995 Incoctus
522 948 678 992 herbis
702 962 778 991 me
805 946 1001 991 fefellit?
1039 961 1098 990 an
1123 945 1271 991 malas

470 1012 673 1057 Canidia
697 1011 912 1056 tractavit
936 1011 1112 1071 dapes?

272 1079 337 1126 Ut
361 1078 663 1139 Argonautas
686 1085 852 1137 praeter
878 1091 1043 1122 omnes
1067 1074 1324 1121 candidum

472 1141 646 1187 Medea
669 1142 835 1195 mirata
858 1150 929 1187 est
954 1142 1141 1199 ducem,

274 1208 444 1271 Ignota
468 1208 614 1253 tauris
638 1207 925 1268 illigaturum
946 1206 1076 1268 juga,

471 1273 698 1318 Perunxit
722 1273 812 1318 hoc
837 1271 865 1316 J
871 1287 1091 1318 asonem:

274 1338 382 1385 Hoc
407 1337 626 1383 delibutis
651 1338 748 1382 ulta
772 1338 908 1383 donis
930 1337 1163 1398 pellicem5

472 1403 701 1463 Serpente
727 1402 846 1463 fugit
870 1402 991 1448 alite.

273 1468 382 1516 Nec
405 1477 563 1514 tantus
588 1483 792 1527 unquam
818 1467 1025 1513 siderum
1050 1464 1221 1512 insedit
1244 1478 1384 1526 vapor

474 1533 737 1578 Siticulosae
764 1533 978 1592 Apuliae;

275 1597 384 1645 Nec
408 1614 582 1644 munus
607 1598 814 1643 humeris
838 1597 1045 1643 efficacis
1070 1594 1295 1643 Herculis

475 1662 651 1709 Inarsit
675 1661 934 1709 aestuosiiis.

774 1918 913 1966 ODE
949 1917 1036 1965 IV.

773 2032 828 2063 IN
851 2032 1050 2062 MENAM.

281 2119 433 2166 LnP1s
457 2126 505 2163 et
528 2115 662 2177 agnis
685 2123 860 2174 quanta
884 2110 1045 2158 sortito
1069 2113 1251 2175 obtigit,

477 2181 666 2227 Tecum
693 2180 808 2223 mihi
833 2178 1069 2223 discordia
1092 2187 1178 2236 est,

280 2247 478 2295 Ibericis
501 2255 687 2307 peruste
713 2244 902 2289 funibus
926 2243 1061 2300 latus,

481 2311 544 2357 Et
567 2326 705 2356 crura
728 2309 845 2354 dura
871 2308 1112 2368 compede.

284 2376 424 2425 Licet
448 2377 677 2437 superbus
701 2368 911 2419 ambules
934 2372 1155 2433 pecunia,

480 2441 690 2487 Fortuna
714 2456 809 2485 non
835 2447 982 2483 mutat
1006 2453 1170 2499 genus.

281 2508 509 2564 Videsne,
535 2521 713 2550 sacram
741 2505 962 2550 metiente
987 2513 1032 2548 te
1059 2504 1177 2548 viam

480 2573 602 2619 Cum
624 2571 694 2615 bis
717 2579 784 2615 ter
810 2570 1024 2615 ulnarum
1050 2569 1177 2630 toga,

282 2636 347 2685 Ut
368 2654 450 2684 ora
474 2645 620 2682 vertat
642 2637 735 2681 huc
754 2645 802 2681 et
825 2636 919 2680 huc
943 2634 1158 2680 euntium

482 2702 744 2746 Liberrima
768 2700 1063 2760 indignatio?

288 2766 459 2812 Sectus
483 2765 678 2826 flagellis
702 2767 780 2811 hic
805 2764 1216 2822 Triumviralibus,

483 2830 720 2875 Praeconis
745 2831 800 2875 ad
829 2830 1083 2886 fastidium,

289 2896 408 2942 Arat
432 2894 622 2940 Falerni
649 2896 774 2940 mille
800 2895 931 2940 fundi
952 2894 1133 2955 jugera,

484 2959 546 3004 Et
573 2960 773 3019 Appiam
799 2959 984 3005 mannis
1008 2958 1140 3003 terit:

288 3024 616 3084 Sedilibusque
641 3039 839 3084 magnus
864 3025 910 3069 in
934 3022 1096 3083 primis
1119 3037 1277 3083 eques,

486 3089 676 3136 Othone
700 3096 984 3150 contempto,
1008 3087 1153 3134 sedet.

1662 1136 1723 1184 10

1666 1463 1726 1508 15

1670 2694 1733 2744 lo
