1841 3349
100 142 195 191 168
636 147 691 194 Q.
721 146 964 187 HORATII
993 143 1200 186 FLACCI

659 315 996 378 EPISTOLA
1032 328 1175 376 xlx.

702 447 767 476 AD
792 444 1136 477 MAECENATEM.
1216 484 1217 489 1

163 532 346 578 Pmsco
371 530 409 576 si
434 530 604 586 credis,
631 528 873 575 Maecenas
897 529 1051 584 docte,
1077 526 1288 582 Cratino,

161 595 308 642 Nulla
330 596 516 658 placere
543 595 622 640 diu
648 610 738 640 nec
763 595 916 639 vivere
941 592 1151 638 carmina
1173 599 1384 652 possunt,

159 661 286 712 Quae
311 661 579 708 scribuntur
605 675 735 720 aquae
758 658 1024 720 potoribus:
1062 668 1112 702 ut
1136 654 1258 702 male
1284 670 1422 702 sanos

162 727 430 788 Adscripsit
455 726 596 772 Liber
623 725 801 786 Satyris
828 723 1097 783 Faunisque
1123 726 1302 783 poetas,

161 793 290 839 Vina
314 791 410 838 fere
437 793 601 837 dulces
623 791 842 836 oluerunt
866 786 1005 835 mane
1033 788 1288 834 Camoenae.

161 857 405 904 Laudibus
430 856 639 918 arguitur
663 856 758 901 vini
784 856 970 901 vinosus
996 853 1261 899 Homerus:

161 922 346 969 Ennius
371 924 469 984 ipse
493 932 623 984 pater
647 936 906 980 nunquam,
932 919 1022 965 nisi
1045 927 1198 979 potus,
1224 917 1282 962 ad
1308 932 1436 962 arma

162 988 384 1035 Prosiluit
407 988 623 1033 dicenda.
696 990 724 1010 ‘⁶
743 985 918 1032 Forum
942 984 1190 1045 putealque
1215 982 1411 1028 Libonis

162 1052 403 1101 Mandabo
427 1054 584 1111 siccis,
610 1053 815 1098 adimam
840 1059 1030 1096 cantare
1056 1048 1274 1095 severis.''

228 1120 337 1166 Hoc
361 1120 499 1166 simul
524 1118 686 1176 edixit,
712 1134 808 1164 non
834 1114 1078 1162 cessavere
1103 1117 1256 1175 po'etae

162 1184 410 1232 Nocturno
434 1194 614 1231 certare
639 1200 783 1241 mero,
809 1192 972 1244 putere
998 1180 1180 1226 diurno.

159 1251 312 1310 Quid,
338 1251 377 1297 si
401 1251 505 1312 quis
528 1250 657 1296 vultu
683 1259 811 1295 torvo
836 1249 963 1294 ferus
988 1256 1034 1292 et
1056 1247 1175 1307 pede
1200 1245 1329 1291 nudo

162 1317 452 1378 Exiguaeque
467 1326 587 1377 togae
612 1315 802 1360 simulet
824 1322 1002 1359 textore
1029 1312 1277 1367 Catonem,

162 1382 462 1429 Virtutemne
488 1388 790 1442 repraesentet
813 1393 1057 1438 moresque
1082 1376 1277 1422 Catonis
1296 1375 1315 1419 ‘C

161 1448 313 1509 Rupit
337 1447 560 1493 Iarbitam
585 1445 866 1506 Timagenis
893 1443 1061 1488 aemula
1085 1442 1262 1502 lingua,

162 1513 290 1560 Dum
314 1513 470 1559 studet
494 1512 717 1567 urbanus,
742 1510 984 1569 tenditque
1009 1508 1210 1552 disertus
1235 1505 1408 1552 haberi.

163 1579 354 1641 Decipit
377 1577 614 1639 exemplar
639 1576 761 1622 vitiis
786 1573 1037 1620 imitabile:
1075 1571 1200 1633 quod
1227 1571 1266 1616 si

94 1643 97 1645 ’
163 1645 395 1692 Pallerem
421 1659 551 1702 casu,
576 1643 791 1688 biberent
814 1654 1052 1701 exsangue
1078 1637 1335 1683 cuminum.

162 1712 208 1758 O
233 1712 503 1767 imitatores,
524 1703 706 1754 servum
732 1722 893 1768 pecus,
920 1714 971 1750 ut
994 1704 1108 1749 mihi
1133 1700 1257 1764 saepe

162 1777 331 1833 Bilem,
357 1772 480 1837 saepe
502 1775 678 1836 jocum,
704 1773 843 1818 vestri
870 1769 1056 1817 movere
1081 1767 1335 1815 turnultus!

228 1843 400 1889 Libera
425 1857 505 1902 per
530 1855 728 1886 vacuum
755 1838 889 1899 posui
913 1835 1109 1896 vestigia
1131 1834 1375 1895 princeps3

162 1908 276 1956 Non
301 1908 454 1954 aliena
478 1922 583 1952 meo
606 1904 751 1966 pressi
778 1904 912 1964 pede.
981 1901 1082 1951 Qui
1107 1900 1194 1946 sibi
1220 1899 1336 1957 fidit,

163 1975 274 2022 Dux
297 1974 417 2035 regit
439 1987 653 2018 examen.
724 1970 884 2015 Parios
908 1984 996 2029 ego
1019 1967 1195 2029 primus
1220 1965 1398 2012 iambos

162 2040 366 2087 Ostendi
391 2038 541 2096 Latio,
567 2051 789 2082 numeros
813 2035 1085 2093 animosque
1110 2040 1335 2091 sequutus

165 2105 458 2161 Archilochi,
485 2119 579 2148 non
606 2118 681 2147 res
709 2110 755 2146 et
780 2100 968 2161 agentia
992 2098 1131 2144 verba
1154 2096 1440 2157 Lycamben.

166 2171 257 2228 Ac,
283 2186 343 2216 ne
367 2185 442 2214 me
470 2168 592 2214 foliis
617 2167 723 2212 ideo
749 2165 1037 2210 brevioribus
1059 2178 1198 2209 ornes

163 2234 314 2286 Quod
339 2234 473 2279 timui
499 2241 680 2278 mutare
706 2231 868 2276 modos
893 2239 940 2275 et
963 2228 1185 2273 carminis
1212 2235 1374 2283 artem,

165 2300 424 2362 Temperat
447 2296 722 2344 Archilochi
749 2295 936 2340 Musam
962 2293 1079 2354 pede
1105 2291 1313 2337 mascula
1339 2291 1546 2351 Sappho,

90 2406 94 2411 .
167 2366 426 2428 Temperat
450 2364 642 2409 Alcaeus
663 2378 671 2407 :
709 2361 790 2406 sed
815 2360 954 2415 rebus
979 2367 1026 2404 et
1047 2357 1211 2403 ordine
1238 2356 1421 2417 dispar3

167 2431 274 2478 Nec
298 2446 512 2477 socerum
536 2427 715 2489 quaerit,
740 2441 878 2486 quem
904 2423 1112 2470 versibus
1135 2422 1315 2468 oblinat
1339 2422 1449 2467 atris
1469 2438 1479 2478 ;

168 2497 275 2544 Nec
299 2512 480 2558 sponsae
504 2495 721 2554 laqueum
749 2492 922 2537 famoso
948 2489 1156 2535 carmine
1182 2487 1342 2533 nectit.

169 2562 316 2609 Hunc
340 2578 444 2623 ego,
470 2576 563 2606 non
591 2559 682 2605 alio
708 2558 886 2603 dictum
913 2554 1041 2617 prius
1065 2570 1161 2611 ore,
1188 2553 1369 2598 Latinis

169 2627 371 2689 Vulgavi
396 2627 595 2672 fidicen:
628 2625 758 2686 juvat
782 2623 1105 2668 immemorata
1129 2619 1354 2664 ferentem

172 2691 399 2753 Ingenuis
422 2691 665 2751 oculisque
691 2689 800 2750 legi,
818 2687 1126 2746 manibusque
1151 2683 1315 2730 teneri.

239 2758 371 2802 Scire
398 2757 510 2802 velis
534 2772 640 2802 mea
663 2771 746 2800 cur
771 2755 980 2814 ingratus
1003 2750 1230 2812 opuscula
1253 2749 1398 2794 lector

173 2821 359 2869 Laudet
383 2830 595 2881 ametque
621 2820 763 2877 domi,
788 2826 968 2880 premat
991 2826 1122 2862 extra
1144 2814 1287 2859 limen
1313 2812 1530 2874 iniquusf!

173 2885 288 2934 Non
311 2902 400 2948 ego
424 2894 626 2931 ventosae
649 2884 798 2945 plebis
823 2882 1043 2943 suffragia
1067 2895 1208 2926 venor

175 2951 410 3014 Impensis
432 2965 672 2996 coenarum
696 2958 743 2994 et
765 2949 882 2994 tritae
907 2961 1102 2993 munere
1126 2942 1287 2998 vestis;

177 3016 291 3064 Non
314 3032 418 3079 ego,
441 3015 669 3061 nobilium
694 3014 971 3073 scriptorum
995 3010 1177 3056 auditor
1201 3018 1247 3056 et
1272 3008 1408 3068 ultor,

177 3081 523 3131 Grammaticas
546 3077 723 3128 ambire
746 3078 895 3125 tribus
919 3085 967 3123 et
988 3075 1166 3140 pulpita
1188 3074 1379 3137 dignor:

1681 1111 1740 1156 10

1681 1443 1740 1488 15

1631 1769 1741 1815 ·2o

1674 2421 1739 2470 30

1648 3045 1745 3118 ιο
