1841 3349
274 503 352 576 Q.
423 502 886 562 HORATII
956 500 1359 562 FLACCI

613 708 1018 760 EPODON

714 909 901 948 LIBER.

709 1284 850 1330 ODE
884 1284 922 1330 Ι.

593 1399 659 1428 AD
684 1398 1028 1429 MAECENATEM.

187 1483 293 1529 Ims
317 1481 541 1527 Liburnis
565 1482 686 1527 inter
712 1482 804 1527 alta
822 1481 1030 1541 navium,

385 1547 573 1605 Amice,
598 1548 967 1609 propugnacula,

186 1614 383 1660 Paratus
402 1629 542 1658 omne
568 1613 770 1658 Caesaris
794 1613 1057 1673 periculum

386 1679 573 1735 subire,
599 1677 858 1736 Maecenas,
884 1689 978 1724 tuo.

183 1744 321 1795 Quid
339 1760 440 1801 nOS‚
466 1744 635 1804 quibus
659 1753 704 1789 te
730 1745 824 1789 vita
848 1744 886 1789 si
912 1744 1162 1804 superstite

385 1809 414 1854 J
418 1810 634 1865 ucunda3
673 1810 711 1855 si
736 1807 917 1867 contra,
943 1810 1137 1870 gravis?

187 1873 421 1925 Utrumne
442 1875 559 1935 jussi
583 1891 919 1935 persequemur
942 1876 1108 1935 otium,

384 1939 496 1986 Non
522 1940 678 1998 dulce,
705 1941 754 1985 ni
778 1950 937 1985 tecum
962 1941 1132 1987 simul?

186 2006 267 2052 An
292 2007 421 2051 hunc
446 2005 650 2050 laborem
678 2016 835 2051 mente
860 2006 1014 2064 laturi,
1040 2008 1178 2053 decet

382 2070 498 2120 Qua
524 2070 641 2116 ferre
667 2087 761 2117 non
787 2072 951 2117 molles
975 2072 1134 2118 viros?

188 2136 443 2192 Feremus;
480 2145 527 2182 et
551 2145 596 2181 te
622 2137 690 2181 vel
717 2153 799 2198 per
824 2138 1019 2198 Alpium
1039 2137 1170 2200 juga,

382 2201 721 2263 Inhospitalem
748 2212 794 2248 et
819 2203 1108 2262 Caucasum,

186 2268 277 2314 Vel
303 2268 566 2314 occidentis
591 2284 736 2328 usque
764 2269 822 2314 ad
848 2269 1065 2315 ultimum
1090 2270 1263 2329 sinum,

381 2332 511 2379 Forti
536 2350 784 2393 sequemur
807 2345 1012 2395 pectore.

184 2399 348 2460 Roges
371 2407 505 2444 tuum
530 2400 687 2445 labore
712 2401 822 2460 quid
844 2401 1004 2461 juvem
1029 2417 1135 2448 meo

382 2463 607 2523 Imbellis,
634 2481 689 2510 ac
714 2466 875 2511 firmus
899 2468 1098 2528 parum?

185 2530 360 2576 Comes
384 2530 566 2574 minore
591 2546 694 2575 sum
721 2531 903 2577 futurus
929 2533 975 2578 in
997 2541 1142 2590 metu,

380 2593 483 2642 Qui
508 2594 653 2654 major
678 2597 895 2641 absentes
920 2599 1088 2642 habet:
1158 2603 1173 2613 “

184 2659 248 2706 Ut
272 2658 484 2705 assidens
509 2659 810 2719 implumibus
833 2662 972 2721 pullis
997 2662 1094 2707 avis

386 2724 684 2784 Serpentium
711 2724 913 2785 allapsus
937 2726 1072 2772 timet

186 2787 346 2852 Magis
368 2789 570 2845 relictis3
608 2806 719 2847 non,
746 2800 796 2835 ut
821 2790 958 2848 adsit,
983 2792 1127 2838 auxili

383 2855 558 2901 Latura
580 2856 684 2916 plus
709 2857 1030 2916 praesentibus.

186 2920 415 2968 Libentur
436 2922 524 2967 hoc
548 2930 596 2967 et
618 2937 757 2967 omne
783 2923 1058 2969 militabitur

384 2986 568 3032 Bellum
593 2987 641 3032 in
661 2997 753 3033 tuae
778 3004 908 3049 spem
932 2989 1094 3050 gratiae
1115 3006 1126 3036 :

188 3051 301 3100 Non
326 3061 378 3098 ut
396 3052 612 3113 juvencis
635 3053 812 3115 illigata
835 3054 1046 3115 pluribus

385 3118 557 3164 Aratra
574 3118 784 3166 nitantur
801 3119 921 3166 meis
935 3136 947 3177 ;

1583 2074 1644 2121 10

1583 2402 1642 2448 15

1575 2728 1642 2776 20
