1841 3349
553 192 895 231 SATIRARUM
926 191 1035 229 LIB.
1067 191 1124 229 II.
1155 193 1193 229 3.
1607 192 1701 242 123

1251 283 1268 295 N

119 306 348 355 Haeredes
372 310 515 356 voluit
529 311 578 356 ?''
640 314 668 334 “
688 310 865 360 Quoad
890 309 1017 366 vixit,
1043 309 1244 355 credidit
1268 308 1437 371 ingens

118 372 398 436 Pauperiem
425 376 604 424 vitium.
628 385 675 421 et
698 376 820 420 cavit
844 374 960 420 nihil
986 372 1168 430 aerias3
1206 384 1273 432 ut,
1298 376 1337 420 si

117 438 260 486 Forte
286 438 453 486 minus‘
467 441 676 502 locuples
700 457 796 487 uno
820 441 1077 501 quadrante
1101 439 1315 500 perisset,

118 503 225 565 Ipse
252 506 484 552 videretur
510 507 596 552 sibi
622 507 817 567 nequior
839 523 847 552 :
885 506 1038 551 omnis
1062 506 1189 551 enirn
1215 521 1303 563 reS,

117 570 295 629 Virtus,
319 572 456 630 fama,
483 573 643 630 decus,
671 573 828 618 divina
853 573 1167 632 humanaque,
1193 570 1402 632 pulchris
1634 571 1698 617 95

116 634 305 682 Divitiis
329 648 520 698 parent;
557 655 672 699 quas
696 638 774 699 qui
801 638 1101 694 contraxerit,
1129 637 1204 682 ille

115 700 284 747 Clarus
304 703 406 760 erit,
426 704 569 762 fortis,
587 705 784 765 justus.'’
858 707 886 727 “
907 703 1168 764 Sapiensne
1183 702 1230 748 ?''
1270 705 1297 725 “
1315 701 1496 758 Etiam3
1533 710 1581 748 et
1598 716 1697 760 reX,

115 766 177 813 Et
201 768 427 829 quidquid
453 771 588 816 volet.
649 770 773 828 Hoc,
800 769 939 814 veluti
969 769 1134 814 virtute
1161 777 1389 829 paratum,

117 833 330 894 Speravit
356 852 538 896 magnae
564 836 692 881 laudi
718 836 827 881 fore.
887 835 1020 884 Quid
1043 834 1195 879 simile
1221 833 1296 878 isti

114 899 310 945 Graecus
336 902 621 962 Aristippus,
647 902 724 962 qui
751 918 908 947 servos
932 900 1158 961 projicere
1184 915 1351 945 aurum
1610 899 1699 946 100

114 963 173 1011 In
199 967 354 1012 media
375 967 511 1028 jussit
535 967 702 1028 Libya,
729 968 838 1028 quia
861 964 1041 1013 tardius
1065 966 1187 1012 irent

114 1030 308 1092 Propter
332 1050 451 1078 onus
476 1035 677 1094 segnes?
716 1043 816 1078 uter
842 1043 913 1078 est
938 1033 1144 1077 insanior
1169 1032 1334 1076 horum
1348 1031 1381 1076 'l'

116 1100 144 1121 ‘⁶
160 1098 241 1143 Nil
268 1099 363 1159 agit
388 1100 652 1160 exemplum
680 1100 808 1144 litem
833 1099 957 1159 quod
982 1099 1061 1144 lite
1082 1097 1312 1143 resolvit.'⁷

116 1166 144 1186 “
168 1165 219 1209 Si
243 1166 346 1225 quis
370 1174 494 1210 emat
518 1166 738 1222 citharas,
764 1175 944 1226 emptas
970 1173 1229 1224 comportet
1248 1163 1296 1208 in
1334 1178 1497 1218 unum,

115 1229 224 1275 Nec
249 1231 403 1275 studio
425 1232 633 1289 citharae,
656 1247 745 1276 nec
771 1230 925 1275 Musae
951 1231 1137 1275 deditus
1159 1229 1264 1284 ulli3
1604 1227 1698 1273 105

116 1295 166 1340 Si
193 1296 373 1357 scalpra
397 1306 444 1341 et
469 1297 654 1353 formas,
681 1313 775 1342 non
802 1307 953 1352 sutor3
990 1296 1183 1341 nautica
1203 1295 1318 1352 vela,

115 1362 324 1407 Aversus
348 1363 651 1418 mercaturis;
690 1363 867 1407 delirus
891 1371 938 1407 et
963 1377 1127 1406 amens

112 1426 333 1488 Undique
359 1429 540 1473 dicatur
567 1426 748 1473 merito.
801 1427 904 1477 Qui
931 1427 1166 1487 discrepat
1189 1425 1307 1484 istis,

76 1541 81 1545 ,
111 1492 214 1542 Qui
239 1509 457 1540 nummos
482 1510 739 1554 aurumque
764 1494 994 1551 recondit,
1021 1493 1210 1538 nescius
1237 1491 1303 1537 uti
1528 1542 1542 1551 ι

114 1559 415 1620 Compositis,
443 1569 750 1620 metuensque
776 1561 900 1605 velut
920 1559 1196 1619 contingere
1223 1557 1444 1602 sacrum?
1605 1556 1698 1603 110

116 1625 168 1670 Si
193 1626 297 1685 quis
334 1627 392 1671 ad
418 1626 661 1687 ingentem
690 1626 912 1671 frumenti
938 1640 1121 1684 semper
1147 1639 1367 1669 acervum

114 1691 365 1737 Porrectus
386 1692 545 1753 vigilet
565 1708 672 1737 cum
699 1692 842 1752 longo
868 1691 1014 1749 fuste3
1053 1705 1208 1750 neque
1233 1689 1366 1736 illinc

113 1757 304 1803 Audeat
324 1758 536 1803 esuriens
561 1758 780 1804 dominus
805 1757 1080 1817 contingere
1105 1751 1321 1817 granum,

113 1822 190 1868 Ac
214 1821 370 1884 potius
395 1824 515 1869 foliis
535 1840 704 1885 parcus
729 1832 943 1869 vescatur
968 1823 1166 1877 amaris3

115 1889 182 1945 Si,
208 1889 368 1949 positis
393 1890 518 1935 intus
544 1890 653 1934 Chii
680 1889 940 1949 veterisque
966 1887 1155 1933 Falerni
1497 1887 1502 1891 ’
1604 1885 1696 1932 115

114 1951 247 1999 Mille
273 1955 404 2000 cadis
432 1991 469 2000 ..
493 1992 502 2000 .
529 1956 645 2000 nihil
671 1964 770 2000 est.
796 1990 834 2000 ..
861 1964 1124 1999 tercentum
1151 1952 1375 2008 millibus,
1402 1966 1510 1997 acre

68 2028 75 2041 ⁴
113 2018 248 2065 Potet
274 2029 488 2075 acetum3
528 2036 630 2081 age,
653 2021 690 2065 si
715 2029 760 2065 et
785 2020 1055 2065 stramentis
1080 2019 1289 2077 incubet,
1315 2017 1462 2063 unde-

111 2086 352 2146 octoginta
377 2102 525 2131 annos
550 2095 702 2143 natus,
729 2085 806 2130 cui
831 2085 1037 2146 stragula
1063 2084 1216 2141 vestis,

113 2151 372 2197 Blattarum
402 2167 456 2197 ac
482 2152 715 2197 tinearum
740 2151 906 2212 epulae,
934 2160 1172 2211 putrescat
1197 2150 1245 2195 in
1271 2148 1409 2195 arca:

112 2216 353 2262 Nimirum
378 2218 571 2263 insanus
594 2217 758 2278 paucis
784 2217 1010 2274 videatur,
1036 2215 1093 2262 eo
1119 2213 1246 2276 quod
1604 2212 1696 2260 120

114 2281 324 2328 Maxima
347 2300 453 2345 pars
479 2284 722 2329 hominum
748 2283 912 2328 morbo
933 2283 1135 2344 jactatur
1160 2282 1342 2327 eodem.

113 2347 262 2394 Filius
289 2359 368 2395 aut
391 2350 530 2395 etiam
558 2351 659 2394 haec
683 2349 878 2394 libertus
903 2358 954 2394 ut
977 2349 1135 2394 ebibat
1160 2349 1324 2405 haeres,

111 2413 201 2459 Dis
226 2415 417 2460 inimice
444 2432 589 2460 senex
614 2415 855 2461 custodis?
891 2431 951 2460 ne
976 2415 1060 2460 tibi
1086 2414 1241 2460 desit?

110 2479 411 2528 Quantulum
437 2481 563 2526 enim
589 2497 784 2525 summae
809 2481 1010 2526 curtabit
1034 2481 1229 2540 quisque
1255 2478 1454 2535 dierum,

112 2544 302 2606 Ungere
328 2546 365 2590 si
392 2546 552 2590 caules
575 2547 678 2591 oleo
703 2546 910 2603 meliore,
937 2556 1194 2606 caputque“
1602 2541 1695 2589 125

114 2610 327 2671 Coeperis
353 2610 540 2670 impexa
567 2611 742 2655 foedum
767 2612 1036 2671 porrigine?
1093 2611 1276 2666 Quare,

113 2676 164 2721 Si
189 2676 371 2736 quidvis
396 2673 508 2720 satis
533 2685 618 2732 est,
644 2676 868 2735 perjuras,
895 2675 1103 2735 surripis,
1130 2675 1284 2719 aufers

111 2741 362 2802 Undique?
398 2742 496 2786 tun’
525 2742 699 2785 sanus?
760 2741 991 2801 Populum
1016 2741 1054 2785 si
1079 2741 1262 2784 caedere
1287 2737 1409 2784 saxis

112 2806 337 2869 Incipias,
363 2822 609 2866 servosque
634 2816 714 2851 tuo
738 2822 852 2866 quos
878 2822 967 2850 aere
993 2805 1185 2866 pararis,

112 2872 341 2919 Insanum
361 2881 406 2918 te
431 2888 595 2918 omnes
619 2873 752 2933 pueri
772 2872 1067 2931 clamentque
1093 2870 1286 2932 puellae:
1603 2873 1695 2920 130

111 2939 280 2987 Quum
305 2938 470 2998 laqueo
495 2954 687 2983 uxorem
713 2937 943 2982 interimis
968 2946 1257 2998 matremque
1283 2952 1483 2997 veneno,

112 3003 348 3051 Incolumi
373 3004 525 3064 capite
549 3005 632 3049 es?
688 3003 822 3053 Quid
847 3003 1007 3048 enim?
1043 3019 1194 3064 neque
1218 3012 1269 3048 tu
1296 3003 1383 3048 hoc
1409 3002 1524 3049 facis

247 3070 408 3130 Argis,

112 3134 222 3183 Nec
246 3136 384 3194 ferro,
410 3143 462 3181 ut
485 3135 680 3180 demens
702 3134 982 3196 genitricem
1005 3134 1182 3181 occidit
1205 3133 1413 3181 Orestes,
