1841 3349
546 186 889 227 SATIRARUM
918 186 1027 231 LIB.
1058 187 1116 228 ΙΙ.
1146 189 1184 228 2.
1591 195 1686 244 119

105 300 361 350 Miscueris
385 304 522 362 elixa,
547 306 685 351 simul
713 307 962 366 conchylia
984 307 1157 364 turdis;

105 367 281 415 Dulcia
304 386 353 415 se
378 370 426 415 in
453 370 594 415 bilem
620 381 814 430 vertent,
841 373 1174 433 stomachoque
1199 373 1453 421 tumultum

105 434 259 481 Lenta
286 436 400 481 feret
423 436 602 495 pituita.
663 437 811 482 Vides
837 447 887 483 ut
912 438 1112 498 pallidus
1135 438 1289 484 omnis
1619 442 1683 488 75

103 500 255 545 Coena
280 501 500 561 desurgat
525 501 668 547 dubia
689 503 707 547 ‘l
759 502 895 551 Quin
922 519 1090 564 corpus
1115 514 1340 550 onustum

104 565 350 611 Hesternis
377 567 495 611 vitiis
520 567 728 612 animum
754 584 935 628 quoque
960 579 1218 630 praegravat
1241 570 1356 630 una,

104 633 258 690 Atque
284 632 448 692 affligit
470 633 610 678 humo
637 634 806 678 divinae
831 635 1110 694 particulam
1135 651 1274 682 aurae.

104 696 252 753 Alter,
281 698 358 742 ubi
385 698 512 743 dicto
536 696 677 744 citius
702 710 863 745 curata
889 701 1040 761 sopori

103 760 320 807 Membra
345 763 490 819 dedit,
517 773 709 823 vegetus
734 766 1004 826 praescripta
1028 766 1085 811 ad
1112 767 1276 812 munia
1301 768 1462 829 surgit.
1617 766 1684 815 80

101 826 198 872 Hic
223 837 379 873 tamen
407 829 464 873 ad
492 829 658 873 melius
682 830 850 889 poterit
874 840 1193 877 transcurrere
1217 833 1485 893 quondam:

105 893 214 939 Sive
239 894 364 938 diem
387 894 554 938 festum
580 894 767 940 rediens
792 896 1040 941 a‘dduxerit
1064 912 1241 954 annus;

103 959 199 1004 Seu
224 974 436 1004 recreare
465 959 583 1005 volet
607 970 852 1006 tenuatum
877 977 1074 1022 corpus;
1112 963 1285 1024 ubique

101 1024 353 1069 Accedent
377 1025 505 1081 anni,
532 1035 579 1070 et
603 1027 791 1071 tractari
817 1025 1004 1073 mollius
1030 1036 1141 1072 aetas

102 1088 346 1135 Imbecilla
371 1090 503 1135 volet.
552 1089 665 1136 Tibi
690 1092 914 1151 quidnam
940 1093 1136 1139 accedet
1161 1094 1220 1139 ad
1245 1093 1382 1141 istam
1617 1094 1684 1144 85

99 1154 262 1204 Quam
287 1171 402 1215 puer
427 1164 473 1200 et
497 1156 677 1200 validus
700 1158 945 1218 praesumis
970 1159 1226 1217 mollitiem,
1252 1176 1337 1206 seu

100 1220 232 1265 Dura
258 1221 472 1265 valetudo
496 1221 728 1279 inciderit,
755 1238 838 1268 seu
862 1225 992 1269 tarda
1017 1226 1270 1271 senectus?

167 1285 440 1350 Rancidum
469 1302 632 1346 aprum
660 1288 837 1348 antiqui
864 1289 1118 1335 laudabant
1140 1307 1148 1336 :
1185 1307 1281 1337 non
1307 1292 1416 1353 quia
1439 1307 1585 1342 nasus

100 1349 201 1396 Illis
226 1351 382 1396 nullus
401 1361 515 1408 erat,
542 1353 641 1409 sed,
666 1355 825 1411 credo,
853 1355 943 1399 hac
967 1365 1141 1413 mente,
1167 1355 1293 1416 quod
1317 1359 1484 1420 hospes

99 1416 310 1462 Tardius
336 1417 589 1462 adveniens
614 1419 824 1464 vitiatum
850 1419 1161 1480 commodiuS,
1187 1421 1329 1482 quam
1616 1425 1682 1472 90

99 1481 343 1544 Integrum
363 1484 482 1528 edax
507 1484 742 1543 dominus,
768 1496 1079 1533 consumeret.
1142 1487 1245 1534 Hos
1270 1489 1447 1536 utinam
1472 1490 1594 1538 inter

98 1547 282 1594 Heroas
307 1558 466 1594 natum
487 1549 624 1594 tellus
648 1567 722 1596 me
748 1552 897 1612 prima
921 1553 1102 1598 tulisset
1122 1554 1130 1599 Ι

163 1614 261 1659 Das
286 1614 458 1675 aliquid
484 1615 634 1673 famae,
660 1631 762 1676 quae
787 1618 996 1663 carmine
1020 1619 1192 1680 gratior
1217 1636 1378 1667 aurem
1429 1641 1431 1644 ¹

96 1678 316 1740 Occupat
342 1681 628 1726 humanam?
685 1682 902 1728 Grandes
926 1685 1109 1731 rhombi
1134 1686 1400 1747 patinaeque

100 1745 293 1790 Grande
321 1745 474 1790 serunt
501 1747 596 1791 una
622 1762 731 1792 cum
758 1749 931 1795 damno
955 1750 1190 1796 dedecus:
1228 1753 1349 1798 adde
1614 1753 1680 1801 95

96 1810 274 1857 Iratum
299 1821 533 1873 patruum,
560 1813 755 1871 vicinos,
783 1823 826 1859 te
851 1815 935 1860 tibi
961 1815 1190 1876 iniquum,

98 1875 160 1922 Et
185 1876 356 1922 frustra
383 1878 543 1922 mortis
567 1879 808 1939 cupidum,
834 1896 976 1940 quum
998 1882 1148 1928 deerit
1171 1883 1329 1943 egenti

96 1942 182 2000 As,
207 1943 359 2002 laquei
383 1943 598 2002 pretium.
660 1948 687 1967 “
711 1944 740 1988 J
746 1947 872 2003 ure,''
902 1947 1066 2007 inquit,
1105 1956 1134 1972 ‘⁶
1156 1948 1390 1995 'l'rausius
1411 1949 1514 1997 istis

95 2007 125 2052 J
132 2018 322 2068 urgatur
347 2008 525 2052 verbis:
564 2024 652 2069 ego
676 2011 924 2072 vectigalia
948 2027 1120 2073 magna

95 2073 387 2133 Divitiasque
413 2073 563 2119 habeo
587 2074 734 2120 tribus
760 2077 937 2137 amplas
962 2078 1198 2139 regibus.''
1250 2078 1393 2141 Ergo,
1585 2082 1678 2130 100

93 2138 240 2188 Quod
266 2149 468 2199 superat,
494 2155 588 2185 non
613 2149 684 2185 est
708 2140 878 2188 melius
901 2159 994 2203 quo
1021 2143 1260 2190 insumere
1284 2146 1467 2207 possis?
1674 2156 1676 2158 ’

95 2204 193 2250 Cur
218 2214 325 2265 eget
350 2204 572 2265 indignus
597 2206 858 2267 quisquam,
879 2217 924 2254 te
950 2209 1123 2256 divite?
1181 2211 1348 2260 Quare

95 2269 299 2331 Templa
323 2281 465 2315 ruunt
490 2271 681 2331 antiqua
707 2273 883 2319 desim?
941 2275 1055 2334 Cur,
1082 2277 1310 2338 improbe,
1335 2293 1457 2325 carae

93 2334 206 2381 Non
231 2336 405 2396 aliquid
429 2337 589 2397 patriae
615 2347 744 2384 tanto
769 2340 975 2385 emetiris
1000 2344 1200 2388 acervo?

93 2401 187 2447 Uni
213 2402 432 2446 nimirum
460 2402 544 2447 tibi
570 2401 697 2448 recte
725 2420 908 2466 semper
933 2418 1071 2453 erunt
1094 2409 1202 2453 res?
1584 2411 1679 2458 105

92 2467 138 2512 O
163 2483 362 2527 magnus
386 2468 580 2526 posthac
607 2469 812 2515 inimicis
837 2471 956 2517 risus
978 2473 986 2517 !
1025 2473 1202 2519 Uterne

31 2579 35 2582 ,
91 2532 170 2577 Ad
196 2548 332 2577 casus
357 2532 521 2577 dubios
545 2533 658 2578 fidet
681 2535 767 2579 sibi
793 2535 967 2583 certius
988 2554 998 2593 3
1037 2539 1114 2584 hic
1138 2539 1218 2600 qui

33 2592 39 2598 ⁴
92 2597 314 2642 Pluribus
339 2596 540 2642 assuerit
564 2608 770 2644 mentem
793 2616 1054 2663 corpusque
1079 2604 1361 2664 superbum3

91 2663 171 2708 An
195 2662 290 2722 qui,
316 2670 567 2707 contentus
591 2679 732 2723 parvo
757 2675 1065 2727 metuensque
1091 2668 1248 2726 futuri,

91 2728 151 2773 In
175 2743 308 2788 pace,
336 2736 385 2772 ut
410 2727 613 2788 sapienS,
640 2729 811 2789 aptarit
836 2731 1006 2777 idonea
1031 2733 1183 2778 bello?
1582 2737 1678 2786 110

153 2790 270 2842 Quo
296 2790 446 2852 magis
472 2793 543 2838 his
564 2794 755 2849 credas3
794 2811 907 2855 puer
934 2797 1061 2843 hunc
1085 2814 1173 2860 ego
1195 2815 1366 2860 parvus
1386 2799 1598 2851 Ofellum

90 2857 294 2918 Integris
316 2858 482 2918 opibus
506 2860 613 2904 novi
639 2876 733 2905 non
759 2861 900 2907 latius
924 2878 1077 2921 usum,

87 2922 251 2973 Quam
277 2938 406 2968 nunc
429 2925 609 2969 accisis,
670 2926 847 2972 Videas
872 2937 1045 2975 metato
1070 2929 1116 2975 in
1138 2931 1291 2991 agello

92 2989 214 3035 Cum
238 3004 406 3050 pecore¹
431 2998 478 3034 et
501 2990 655 3050 gnatis
681 2991 843 3037 fortem
870 2996 1088 3040 mercede
1115 2997 1351 3056 colonum,

89 3058 117 3079 ‘⁴
139 3054 251 3101 Non
270 3055 404 3115 ego‚''
431 3065 714 3115 narrantem,
741 3061 770 3080 “
788 3056 965 3105 temen}
991 3060 1068 3106 edi
1086 3061 1192 3108 luce
1217 3063 1420 3124 profesta
1580 3067 1674 3115 115

86 3119 381 3182 Quidquam,
405 3128 573 3181 praeter
597 3121 715 3182 olus,
743 3123 934 3172 fumosae
959 3141 1069 3173 cum
1091 3129 1212 3190 pede
1235 3145 1406 3191 pernae.
