1841 3349
584 109 650 173 xQ.
680 104 923 148 HORATII
951 105 1159 147 FLACCl

385 229 620 293 Spargent
642 227 824 275 olivetis
847 227 1057 284 odorem,

451 294 706 341 Fertilibus
729 293 922 340 domino
943 290 1085 354 priori
1103 327 1112 337 .

319 361 451 408 Tum
476 361 624 423 spissa
646 360 788 406 ramis
811 359 973 405 laurea
997 355 1200 403 fervidos

320 427 556 475 Excludet
579 427 714 472 ictus.
785 423 834 470 Ν
836 441 897 470 on
922 424 986 470 ita
1009 420 1207 468 Romuli

383 491 715 553 Praescriptum
738 499 786 536 et
810 489 984 536 intonsi
1009 487 1208 534 Catonis
1287 508 1289 510 ·

453 556 711 619 AuspiciiS,
736 565 1039 615 veterumque
1063 550 1245 599 norma.

320 622 535 670 Privatus
560 622 650 668 illis
673 636 846 667 census
869 628 970 666 erat
993 617 1162 676 brevis,

320 689 586 736 Commune
611 702 839 748 magnum
862 702 871 731 :
907 685 1039 732 nulla
1063 681 1367 745 decempedis

387 753 569 801 Metata
590 753 780 815 privatis
803 748 1000 813 opacam
1062 769 1066 772 ·

452 819 669 866 Porticus
693 818 958 879 excipiebat
983 816 1170 862 Arcton
1191 831 1200 860 ε

321 882 431 932 Nec
455 886 695 932 fortuitum
721 899 942 946 spernere
967 881 1193 942 cespitem

321 950 476 1012 Leges
500 950 733 1007 sinebant,
758 949 930 1010 oppida
953 947 1145 1008 publico

390 1017 592 1077 Sumptu
610 1014 833 1076 jubentes
856 1021 903 1059 et
921 1013 1118 1058 deorum

453 1080 660 1144 Templa
681 1096 803 1128 novo
827 1080 1051 1126 decorare
1076 1090 1200 1123 sano.

727 1339 867 1388 ODE
890 1337 1036 1385 XIII.

688 1454 754 1485 AD
791 1452 1073 1484 GROSPHUM.

323 1539 500 1588 OTIUM
525 1538 655 1585 divos
678 1545 812 1599 rogat
835 1536 884 1582 in
907 1535 1090 1597 patenti

324 1607 533 1654 Prensus
557 1604 742 1666 AEgaeo,
769 1601 905 1648 simul
933 1610 1033 1647 atra
1055 1599 1208 1647 nubes
1333 1653 1338 1658 Π

325 1672 555 1721 Condidit
576 1671 756 1727 lunam,
782 1683 937 1728 neque
961 1661 1298 1728 cer'tafulgent

655 1735 825 1782 Sidera
847 1733 1003 1779 nautis
1022 1748 1031 1777 ε

325 1803 493 1851 Otium
516 1801 640 1848 bello
664 1801 840 1847 furiosa
863 1798 1073 1856 Thrace,

325 1870 494 1917 Otium
519 1867 652 1914 Medi
675 1865 897 1928 pharetra
921 1863 1097 1922 decori,

325 1936 557 1998 Grosphe‚
583 1950 680 1981 non
704 1931 921 1994 gemmis,
946 1944 1100 1990 neque
1123 1924 1332 1990 purpura
1354 1941 1428 1974 ve-

656 2000 783 2056 nale,
810 2012 964 2057 neque
990 2011 1117 2041 auro.

326 2066 441 2114 Non
465 2066 594 2112 enim
617 2068 773 2126 gazaz
793 2077 946 2122 neque
971 2059 1231 2106 consularis

329 2134 606 2180 Summovet
629 2130 763 2176 lictor
788 2128 983 2173 miseros
1007 2124 1237 2172 tumultus
1315 2149 1319 2152 >

328 2197 522 2257 Mentis,
548 2205 596 2243 et
619 2211 757 2242 curas
779 2195 993 2254 laqueata
1016 2192 1199 2252 circum

657 2260 815 2307 Tecta
839 2259 1064 2306 volante-s.-

329 2329 514 2376 Vivitur
537 2343 679 2389 parvo
704 2327 842 2383 bene,
868 2325 945 2369 cui
969 2331 1218 2384 paternum

330 2395 558 2457 Splendet
581 2394 630 2439 in
654 2391 821 2437 mensa
844 2389 976 2436 tenui
1001 2388 1202 2435 salinum
1221 2402 1230 2431 z

330 2459 440 2508 Nec
463 2460 589 2506 leves
614 2472 803 2505 somnos
826 2456 964 2501 timor
989 2465 1070 2500 aut
1093 2450 1265 2514 cupido

661 2522 891 2569 Sordidus
916 2520 1081 2566 aufert.

329 2590 465 2641 Quid
489 2589 618 2652 brevi
642 2589 784 2635 fortes
804 2587 1067 2648 jaculamur
1093 2599 1189 2630 aevo

332 2655 518 2702 Multa?
587 2654 721 2704 Quid
747 2663 893 2704 terras
919 2652 1009 2697 alio
1033 2649 1241 2696 calentes

254 2719 259 2723 ’
333 2722 442 2768 Sole
466 2720 735 2767 mutamus&
804 2718 973 2764 Patriae
997 2716 1100 2777 quis
1123 2712 1255 2761 exsul

662 2785 725 2830 Se
749 2798 932 2844 quoque
957 2781 1107 2842 fugit?

335 2850 534 2898 Scandit
558 2858 720 2895 aeratas
744 2849 909 2895 vitiosa
931 2861 1075 2893 naves

335 2916 490 2973 Cura;
526 2930 617 2962 nec
640 2922 817 2960 turmas
841 2913 1049 2973 equitum
1073 2906 1310 2971 relinquit,

292 3021 296 3026 .
335 2980 483 3030 Ocior
507 2980 674 3047 certus,
699 2988 747 3025 et
770 2986 940 3040 agente
963 2975 1149 3024 nimbos

662 3043 808 3092 Ocior
833 3043 978 3091 Euro.

1646 417 1707 465 10

1647 745 1708 791 15

1651 2121 1711 2168 10

1652 2448 1712 2495 15
