1841 3349
633 194 684 241 Q.
714 192 959 235 HORATII
986 194 1207 236 FLACCI.

626 312 827 376 Frangit
851 322 1108 361 trementes
1134 315 1295 361 ilices:

364 377 473 425 Nec
496 378 627 426 sidus
651 380 752 425 atra
776 389 916 426 nocte
942 381 1147 426 amicum
1166 388 1404 442 appareat,

629 444 745 494 Qua
770 446 914 491 tristis
938 444 1089 491 Orion
1115 447 1270 492 cadit:
1691 446 1747 493 10

362 509 615 560 Quietiora
640 526 731 556 nec
757 511 930 556 seratur
956 526 1156 570 aequore‚

627 574 793 624 Quam
818 576 962 620 Graia
986 577 1213 621 victorum
1239 591 1425 634 manuS,

363 640 531 691 Quum
555 639 711 686 Pallas
736 650 840 686 usto
865 641 1001 686 vertit
1025 641 1141 685 iram
1167 641 1226 685 ab
1250 639 1338 687 Ilio

629 705 688 751 In
715 706 905 767 impiam
932 706 1095 767 Ajacis
1119 715 1282 752 ratem.
1342 723 1350 736 ’

363 771 410 817 O
433 780 637 833 quantus
662 772 806 817 instat
830 772 998 817 navitis
1023 772 1163 817 sudor
1188 771 1296 829 tuis,
1688 771 1746 818 15

625 836 832 898 Tibique
856 838 1002 898 pallor
1027 837 1197 896 luteus,

364 900 428 950 Et
450 902 530 948 illa
553 918 648 948 non
675 904 818 948 virilis
841 903 1047 964 ejulatio,

630 968 804 1013 Preces
827 978 875 1013 et
899 983 1113 1013 aversum
1139 969 1197 1013 ad
1223 967 1407 1026 Jovem,

364 1031 530 1080 Ionius
556 1033 649 1079 udo
672 1049 816 1092 quum
843 1034 1114 1094 remugiens
1138 1034 1269 1079 sinus

626 1098 756 1145 Noto
781 1099 990 1145 carinam
1018 1099 1219 1160 ruperit!
1681 1098 1747 1146 20

363 1162 538 1226 Opima
561 1162 685 1226 quod
713 1166 751 1211 si
775 1166 934 1226 praeda
959 1180 1100 1210 curvo
1125 1165 1278 1210 littore

626 1230 849 1277 Porrecta
873 1247 1058 1291 mergos
1076 1230 1270 1291 juveris,

362 1295 669 1343 Libidinosus
693 1297 1009 1343 immolabitur
1034 1312 1190 1357 caper,

628 1361 690 1408 Et
713 1378 838 1424 agna
862 1361 1265 1423 Tempestatibus.

802 1622 941 1668 ODE
977 1622 1040 1668 X.

771 1737 837 1768 AD
874 1737 996 1767 AMIC
1003 1737 1058 1767 OS
1065 1758 1073 1767 .

298 1822 539 1869 HORRIDA
563 1830 818 1882 tempestas
843 1820 1016 1866 coelum
1040 1820 1289 1878 contraxit,
1315 1827 1361 1866 et
1386 1818 1559 1866 imbres

232 1887 473 1949 Nivesque
498 1888 744 1933 deducunt
769 1886 964 1931 Jovem:
1002 1901 1131 1931 nunc
1156 1901 1301 1943 mare,
1327 1901 1456 1931 nunc
1481 1886 1628 1944 siluae,

299 1954 530 2000 Threi'cio
555 1953 792 2013 Aquilone
818 1960 999 1998 sonant.
1073 1951 1353 2012 RapiamuS,
1379 1951 1534 2009 amici,

233 2020 551 2067 Occasionem
577 2020 636 2064 de
661 2019 766 2063 die:
804 2018 1009 2078 dumque
1034 2017 1185 2063 virent
1208 2033 1381 2078 genua,

300 2085 362 2132 Et
387 2087 539 2142 decet,
563 2083 772 2130 obducta
797 2084 1000 2129 solvatur
1026 2083 1175 2128 fronte
1201 2092 1434 2128 senectus.
1713 2084 1745 2129 5

236 2151 315 2198 Tu
341 2152 449 2196 vina
472 2150 715 2210 Torquato
740 2164 871 2194 move
897 2149 1088 2194 consule
1113 2164 1272 2208 pressa
1298 2164 1414 2193 meo.

303 2216 489 2262 Caetera
511 2215 643 2261 mitte
670 2215 816 2274 loqui:
854 2215 971 2259 deus
997 2215 1097 2258 haec
1124 2214 1316 2259 fortasse
1341 2213 1548 2274 benigna

238 2282 463 2328 Reducet
488 2281 536 2326 in
563 2281 722 2325 sedem
749 2281 864 2325 vice.
937 2278 1084 2324 Nunc
1109 2288 1154 2324 et
1175 2279 1488 2324 Achaemenio

304 2347 531 2393 Perfundi
558 2347 704 2392 nardo
724 2346 869 2406 juvat,
895 2355 942 2390 et
968 2344 1057 2390 fide
1084 2344 1312 2404 Cyllenea

240 2412 419 2459 Levare
444 2412 557 2457 diris
581 2422 770 2472 pectora
795 2410 1216 2456 sollicitudinibus:
1685 2409 1743 2456 10

302 2477 489 2523 Nobilis
518 2486 567 2522 ut
591 2476 757 2538 grandi
785 2476 959 2521 cecinit
984 2475 1252 2520 Centaurus
1278 2474 1471 2520 alumno
1492 2491 1500 2519 :

239 2541 466 2589 “Invicte
492 2543 714 2599 mortali3‚
741 2541 830 2587 dea
856 2551 963 2587 nate
987 2556 1102 2601 puer
1128 2540 1355 2597 Thetide,

303 2608 379 2654 Te
404 2617 563 2653 manet
589 2607 808 2653 Assaraci
834 2607 984 2663 tellus,
1010 2623 1149 2666 quam
1175 2606 1342 2667 frigida
1365 2604 1493 2665 parvi

237 2673 451 2720 Findunt
477 2673 756 2719 Scamandri
780 2671 989 2727 flumina,
1016 2672 1223 2717 lubricus
1247 2680 1294 2716 et
1320 2671 1522 2727 Simois3

303 2739 440 2785 Unde
465 2740 548 2785 tibi
574 2740 774 2785 reditum
801 2748 932 2784 certo
956 2738 1220 2782 subtemine
1249 2736 1413 2781 Parcae
1681 2736 1742 2783 15

235 2802 461 2864 Βυρότες
499 2820 590 2850 nec
615 2813 761 2850 mater
786 2804 977 2850 domum
1003 2802 1178 2847 coerula
1206 2811 1250 2846 te
1276 2802 1477 2847 revehet.

306 2868 411 2914 Illic
434 2885 575 2915 omne
600 2871 776 2915 malum
803 2870 910 2915 vino
934 2877 1167 2926 cantuque
1193 2867 1359 2925 levato,

236 2932 472 2982 Deformis
497 2936 782 2997 aegrimoniae
807 2934 1026 2981 dulcibus
1049 2932 1307 2993 alloquiis.''
