1841 3349
153 162 247 211 {311
685 159 738 205 Q.
770 158 1012 198 HoRATn
1041 157 1247 197 FLACCI

215 275 423 327 Unctum
445 277 550 324 oleo
572 276 703 338 largo
726 277 866 322 nudis
890 277 1097 322 humeris
1119 276 1227 323 tulit
1250 276 1428 333 haeres;
1735 276 1799 323 75

213 343 410 390 Scilicet
433 342 555 388 elabi
579 342 616 387 si
644 351 797 403 posset
822 352 1019 399 mortua,
1045 342 1202 399 credo,

210 406 363 456 Qubd
388 406 587 454 nimium
616 406 845 453 institerat
870 407 1054 452 viventi.
1125 406 1307 452 Cautus
1332 405 1459 452 a'dito
1477 441 1486 451 .

213 472 326 521 Neu
351 474 475 518 desis
498 488 666 532 operae,
689 488 805 517 neve
833 472 1166 516 immoderatus
1190 471 1415 516 abundes.

212 538 469 586 Difficilem
494 547 540 582 et
561 553 793 582 morosum
819 536 1027 581 offendet
1051 536 1297 596 garrulus:
1334 533 1456 582 ultra

212 601 325 650 Non
353 603 492 649 etiam
518 602 669 646 sileas,
741 600 900 645 Davus
925 601 988 645 sis
1012 601 1239 657 comicuS,
1266 610 1405 660 atque
1733 599 1799 646 80

212 668 322 716 Stes
345 669 501 729 capite
525 666 724 726 obstipo,
750 663 949 711 multuin
977 665 1142 710 similis
1167 664 1412 711 metuenti.

210 732 456 793 Obsequio
479 747 719 793 grassare:
758 746 912 788 mone,
938 731 976 776 si
1003 731 1236 776 increbuit
1260 746 1389 787 aura,

213 798 397 847 Cautus
421 795 487 844 uti
517 798 635 842 velet
660 811 823 842 carum
848 805 1015 856 caput:
1052 796 1244 841 extrahe
1269 795 1423 853 turba,

209 860 454 925 Oppositis
479 861 686 907 humeris
708 878 717 906 ε
755 876 917 906 aurem
943 861 1209 921 substringe
1235 859 1433 921 loquaci.

213 927 519 989 Importunus
545 936 669 972 amat
692 925 871 971 laudari
888 926 907 970 ’ἰ
943 926 1111 982 donec,
1133 931 1160 948 “
1183 925 1291 971 Ohe
1313 927 1323 970 l
1357 926 1454 987 jam
1471 925 1515 971 !''
1729 922 1795 972 85

214 993 293 1040 Ad
319 993 490 1038 coeium
519 991 735 1037 manibus
759 989 970 1048 sublatis,
997 991 1183 1047 dixerit,
1210 1002 1354 1051 urge3
1391 999 1439 1036 et

213 1056 522 1106 Crescentem
548 1056 742 1104 tumidis
767 1055 879 1101 infla
902 1055 1197 1102 sermonibus
1221 1063 1388 1101 utrem.

214 1121 384 1174 Quum
409 1132 455 1168 te
480 1122 668 1167 servitio
689 1122 830 1181 longo
855 1120 1062 1181 curaeique
1088 1120 1252 1166 levarit
1272 1137 1283 1177 3

214 1187 277 1235 Et
299 1186 484 1235 certum
509 1187 721 1248 vigilans,
743 1190 770 1209 “
795 1186 992 1235 Quartae
1018 1196 1118 1232 esto
1141 1185 1285 1246 partis
1309 1184 1549 1246 Ulysses,'’

216 1250 460 1310 Audieris,
476 1257 504 1276 “
533 1253 682 1297 haeres
698 1253 723 1272 ”
744 1269 753 1297 ;
791 1256 819 1274 “
840 1251 968 1312 Ergo
990 1267 1119 1296 nunc
1143 1251 1298 1297 Dama
1321 1250 1494 1296 sodalis
1734 1249 1800 1296 90
1837 1286 1841 1291 .

215 1317 462 1379 Nusquam
487 1319 577 1363 est!
619 1317 743 1362 unde
769 1316 882 1361 mihi
908 1326 1003 1365 tam
1031 1317 1195 1362 sortem
1219 1326 1408 1376 tamque
1433 1315 1617 1361 fidelem
1637 1314 1688 1361 ‘!'’

214 1382 394 1444 Sparge
419 1383 646 1430 subinde:
684 1391 746 1439 et,
771 1382 807 1426 si
829 1379 1020 1442 paulum
1044 1391 1191 1442 potes,
1218 1381 1524 1440 illacrymare.
1594 1379 1682 1427 Est

213 1446 404 1496 Gaudia
427 1448 702 1509 prodentem
729 1446 904 1492 vultum
932 1446 1101 1492 celare.
1173 1447 1469 1507 Sepulcrum,

216 1513 511 1560 Permissum
538 1512 743 1566 arbitrio,
768 1512 869 1556 sine
895 1512 1109 1556 sordibus
1133 1521 1347 1556 exstrue:
1386 1511 1528 1556 funus

215 1576 422 1639 Egregie
450 1577 622 1622 factum
650 1577 810 1621 laudet
835 1575 1020 1621 vicinia.
1093 1577 1144 1621 Si
1168 1576 1272 1636 quis
1730 1574 1797 1622 95

216 1641 361 1689 Forte
387 1642 690 1689 cohaeredum
714 1641 869 1687 senior
894 1639 1017 1686 male
1044 1641 1225 1697 tussiet,
1251 1640 1362 1685 huic
1386 1649 1437 1686 tu

215 1706 328 1765 Dic,
353 1724 411 1754 ex
431 1719 560 1769 parte
584 1707 684 1763 tua,
710 1722 793 1751 seu
819 1706 950 1751 fundi
976 1706 1072 1751 sive
1097 1706 1264 1751 domus
1289 1705 1348 1750 sit

216 1771 430 1833 Emptor‚
454 1773 739 1833 gaudentem
766 1786 959 1816 nummo
978 1780 1024 1816 te
1049 1771 1281 1816 addicere.
1353 1769 1450 1815 Sed
1474 1784 1551 1815 me

217 1835 479 1900 Imperiosa
501 1837 643 1883 trahit
661 1836 969 1897 Proserpina:
1006 1835 1124 1894 vive,
1150 1836 1357 1896 valeque.

792 2125 1054 2173 SATIRA
1079 2125 1166 2173 VI.

219 2225 331 2274 Hoc
355 2233 454 2272 erat
478 2225 526 2271 in
550 2224 693 2270 votis:
730 2223 898 2268 modus
922 2223 1020 2283 agri
1046 2238 1138 2268 non
1167 2223 1230 2267 ita
1255 2237 1472 2282 magnus,

219 2291 402 2338 Hortus
428 2290 523 2346 ubi,
548 2299 595 2335 et
619 2298 744 2334 tecto
768 2287 950 2332 vicinus
970 2287 1096 2347 jugis
1121 2301 1251 2347 aquae
1280 2286 1396 2343 fons,

219 2354 282 2403 Et
306 2356 494 2417 paulum
521 2354 645 2399 silvae
672 2368 810 2413 super
836 2352 907 2397 his
933 2352 1060 2398 foret.
1133 2348 1338 2397 Auctius
1357 2361 1495 2411 atque

217 2419 281 2467 Di
309 2418 476 2466 melius
502 2418 659 2464 fecere
683 2435 692 2463 :
731 2418 849 2462 bene
875 2427 957 2463 est.
1030 2416 1160 2462 Nihil
1183 2415 1380 2477 amplius
1403 2431 1501 2474 or0,

217 2483 350 2531 Maia
376 2495 500 2541 nate,
526 2484 616 2529 nisi
637 2482 894 2543 utpropria
919 2482 1020 2526 haec
1045 2482 1158 2526 mihi
1184 2497 1382 2527 munera
1405 2480 1535 2528 saxis.
1763 2481 1798 2528 5

217 2548 271 2597 Si
298 2565 449 2610 neque
475 2549 697 2609 majorem
724 2548 813 2592 feci
838 2547 1017 2592 ratione
1042 2547 1165 2591 mala
1190 2562 1304 2604 rem,

217 2613 324 2661 Nec
349 2631 451 2660 sum
480 2614 686 2659 facturus
711 2613 821 2658 vitio
845 2612 1042 2672 culpave
1068 2612 1324 2666 minorem3

217 2679 272 2725 Si
298 2695 490 2725 veneror
514 2678 682 2725 stultus
706 2677 822 2723 nihil
848 2678 1029 2734 horum,
1050 2680 1077 2700 “
1096 2675 1141 2721 O
1167 2675 1203 2720 si
1230 2674 1431 2737 angulus
1456 2673 1533 2722 ille

220 2743 468 2788 Proximus
492 2744 703 2800 accedat,
727 2743 806 2802 qui
832 2757 959 2787 nunc
985 2742 1230 2787 denormat
1253 2740 1482 2801 agellum!

216 2803 265 2854 Ο
289 2807 328 2851 si
354 2823 516 2852 urnam
543 2809 723 2868 argenti
749 2807 840 2852 sors
859 2821 962 2866 quae
987 2806 1100 2850 mihi
1127 2807 1377 2851 monstret!
1415 2815 1468 2852 ut
1489 2803 1572 2865 illi,
1735 2805 1795 2852 10

217 2869 470 2917 Thesauro
494 2872 699 2929 invento,
724 2872 800 2932 qui
827 2871 1145 2917 mercenarius
1169 2885 1333 2930 agrum

221 2934 360 2982 Illum
387 2936 538 2996 ipsum
564 2948 800 2982 mercatus
823 2936 984 2992 aravit,
1008 2934 1136 2980 dives
1160 2935 1312 2981 amico
1803 2975 1805 2977 .

218 3000 434 3053 Hercule
448 3001 491 3056 ;''
528 2999 568 3049 ai
590 3001 715 3060 quod
739 3001 872 3046 adest
896 3009 1077 3060 gratum
1098 2999 1254 3060 juvat:
1291 2999 1383 3046 hac
1404 3013 1545 3061 prece
1566 3006 1616 3046 te
1634 3013 1735 3058 oro,

221 3065 406 3127 Pingue
428 3079 574 3126 pecus
597 3064 789 3111 domino
811 3064 972 3122 facias,
997 3072 1044 3111 et
1066 3072 1253 3124 caetera,
1276 3073 1442 3126 praeter
