1841 3349
117 133 212 182 112
653 132 704 179 Q.
735 132 976 172 HORATII
1006 131 1213 173 FLACCI
1243 157 1246 159 -

162 246 239 297 ‘In
257 251 420 297 silvam
444 265 539 297 non
563 249 692 312 ligna
716 251 837 297 feras
861 249 1090 310 insanius,
1115 266 1172 298 ac
1195 251 1234 298 si
1290 248 1306 253 “

179 315 381 376 Magnas
404 316 687 372 Graecorum·
703 317 837 362 malis
861 317 1054 378 implere
1080 313 1319 363 catervas.'
1687 317 1755 366 35

241 379 488 443 Turgidus
512 382 716 443 Alpinus
736 382 919 443 jugulat
942 383 1053 427 dum
1079 381 1353 441 Memnona,
1374 382 1579 444 dumque

176 445 394 509 Diffingit
417 447 579 493 Rheni
604 448 783 493 luteum
809 457 964 508 caput,
991 448 1092 492 haec
1117 451 1206 509 e'go
1229 448 1356 506 ludo,

173 509 301 564 Quae
325 528 415 560 nec
439 513 489 558 in
515 512 639 558 AEde
665 522 833 558 sonent
852 513 1097 570 certantia,
1114 512 1274 572 judice
1299 513 1477 574 Tarpa,

176 576 284 624 Nec
307 579 503 624 redeant
528 578 695 622 iterum
721 587 857 638 atque
883 577 1048 622 iterum
1070 579 1327 637 spectanda
1350 579 1556 625 theatris.

176 641 362 704 Arguta
388 643 633 688 meretrice
657 652 803 703 potes,
829 642 1053 703 Davoque
1079 643 1332 689 Chremeta
1569 654 1573 656 “
1691 643 1755 690 40

176 707 411 754 Eludente
436 724 615 765 senem,
641 708 789 754 comis
813 708 987 770 garrire
1013 707 1207 766 libellos,

175 773 311 822 Unus
334 774 560 830 vivorum,
587 773 834 819 Fundani:
872 773 1021 819 Pollio
1044 789 1208 834 regum

175 838 325 886 Facta
348 839 491 896 canit,
518 840 638 899 pede
662 848 731 884 ter
754 854 1002 900 percusso:
1039 839 1155 884 sorte
1182 854 1292 899 epos
1317 843 1440 897 acer,

151 904 238 952 ⁴Ut
262 920 418 962 nemo,
445 905 616 949 Varius
640 904 796 949 ducit:
835 904 973 949 molle
1000 913 1135 964 atque
1163 904 1365 950 facetum

176 970 378 1032 Virgilio
403 979 672 1015 annuerunt
695 970 957 1030 gaudentes
981 985 1088 1015 rure
1113 970 1368 1015 Camoenae.
1688 970 1753 1017 45

151 1062 154 1064 -
177 1035 284 1082 Hoc
307 1044 421 1092 erat,
447 1045 639 1096 experto
664 1033 831 1081 frustra
856 1036 1066 1081 Varrone
1093 1034 1298 1080 Atacino
1514 1091 1520 1097 ι

175 1100 332 1162 Atque
351 1102 630 1161 quibusdam
656 1102 774 1158 aliis,
801 1101 970 1147 melius
993 1101 1115 1161 quod
1142 1101 1346 1147 scribere
1371 1116 1572 1162 possem,

174 1165 425 1213 Inventore
445 1167 624 1213 minor:
662 1183 815 1227 neque
839 1183 928 1228 ego
952 1167 1017 1212 illi
1043 1167 1286 1212 detrahere
1313 1167 1463 1212 ausim

171 1231 452 1279 ··Hoerentem
480 1234 622 1294 capiti
647 1234 796 1279 multa
822 1249 929 1278 cum
954 1224 1094 1277 laude
1121 1248 1355 1278 coronam.

240 1298 307 1345 At
330 1299 425 1345 dixi
451 1299 595 1345 fluere
623 1301 750 1344 hunc
773 1299 1071 1355 lutulentum,
1102 1296 1225 1359 saepe
1254 1298 1480 1344 ferentem
1689 1298 1754 1344 50

173 1362 317 1410 Plura
339 1365 529 1425 quidem
555 1366 764 1411 tollenda
787 1365 1133 1425 relinquendis:
1173 1379 1275 1424 age,
1300 1380 1473 1424 quaeso,

173 1428 254 1475 Tu
278 1430 394 1476 nihil
421 1431 467 1476 in
494 1446 667 1492 magno
692 1431 857 1476 doctus
878 1429 1121 1491 reprendis
1149 1429 1391 1476 Homero?

171 1494 254 1541 Nil
280 1496 428 1542 comis
452 1497 618 1558 tragici
638 1505 786 1542 mutat
811 1496 1025 1541 Lucilius
1050 1493 1208 1540 Acci'l

173 1560 284 1609 Non
310 1562 428 1607 ridet
453 1578 612 1608 versus
638 1561 765 1607 Enni
790 1562 1015 1623 gravitate
1041 1561 1260 1618 minores,

169 1624 338 1678 Quum
363 1628 422 1673 de
447 1644 496 1673 se
515 1628 733 1688 loquitur,
760 1643 854 1673 non
880 1636 931 1673 ut
955 1627 1129 1687 majore
1154 1625 1422 1687 reprensis?
1687 1624 1752 1671 55

169 1689 304 1743 Quid
331 1702 454 1739 vetat
477 1703 524 1739 et
548 1703 747 1751 nosmet,
774 1692 931 1739 Lucili
956 1693 1127 1753 scripta
1152 1692 1379 1753 legentes,

169 1755 400 1808 Quaerere
425 1773 537 1802 num
563 1760 703 1813 illius,
730 1771 844 1801 num
870 1771 1042 1812 rerum,
1066 1759 1182 1800 dura
1206 1758 1392 1816 negarit

172 1822 445 1870 Versiculos
470 1834 636 1868 natura
660 1819 811 1882 magis
837 1821 999 1878 factOS,
1024 1830 1070 1866 et
1095 1830 1260 1866 euntes

172 1886 381 1946 Mollias,
407 1905 462 1934 ac
486 1889 524 1934 si
549 1888 665 1949 quis,
676 1887 874 1948 pedibus
898 1887 1008 1947 quid
1035 1886 1254 1932 claudere
1280 1885 1421 1943 senis,

173 1952 281 2001 Hoc
305 1953 489 2000 tantum
532 1963 798 2011 contentuS,
825 1962 949 1999 amet
973 1952 1214 2014 scripsisse
1240 1953 1469 1997 ducentos
1686 1951 1751 1998 60

173 2019 302 2067 Ante
326 2020 485 2065 cibum
510 2036 686 2078 versus,
713 2020 906 2065 totidem
932 2028 1171 2073 coenatus;
1210 2017 1436 2064 Hetrusci

168 2083 329 2136 Quale
355 2085 440 2130 fuit
465 2085 602 2130 Cassi
627 2085 788 2145 rapido
813 2084 1067 2129 ferventius
1092 2084 1216 2128 amni

172 2149 440 2212 Ingenium,
466 2151 617 2211 capsis
641 2165 777 2209 quem
805 2149 927 2194 fama
950 2158 1020 2194 est
1044 2164 1145 2193 esse
1170 2148 1389 2208 librisque

174 2215 457 2262 Ambustum
483 2215 710 2276 propriis?
769 2214 931 2259 Fuerit
955 2214 1189 2270 Lucilius,
1215 2213 1422 2273 inquam,

172 2279 334 2329 Cumis
360 2290 406 2327 et
431 2282 639 2326 urbanus
660 2297 669 2335 3
709 2280 846 2325 suerit
870 2279 1070 2324 limatior
1096 2279 1236 2335 idem,
1686 2278 1750 2324 65

161 2344 337 2397 'Quam
363 2347 491 2391 rudis
515 2356 560 2391 et
585 2346 766 2390 Graecis
791 2345 952 2390 intacti
979 2344 1201 2389 carminis
1226 2352 1403 2400 auctor,

170 2409 427 2472 Quamque
453 2415 698 2473 poetarum
724 2411 960 2455 seniorum
987 2410 1148 2455 turba:
1176 2410 1257 2454 sed
1284 2409 1378 2467 ille,

171 2476 225 2523 Si
251 2477 366 2524 foret
393 2478 482 2523 hoc
507 2487 719 2522 nostrum
746 2476 838 2521 fato
863 2476 1032 2521 dilatus
1059 2476 1105 2520 in
1132 2490 1298 2532 aevum,

172 2541 419 2589 Detereret
444 2543 531 2588 sibi
556 2543 727 2597 multa;
766 2542 997 2586 recideret
1021 2556 1159 2585 omne
1184 2540 1306 2600 quod
1332 2539 1451 2585 ultra

172 2608 438 2653 Perfectum
465 2609 750 2662 traheretur3
788 2616 834 2652 ct
859 2607 906 2652 in
932 2621 1067 2651 versu
1095 2606 1310 2651 faciendo
1684 2604 1748 2650 70

174 2671 310 2733 Saepe
338 2685 479 2733 caput
504 2674 731 2730 scaberet,
757 2672 883 2718 vivos
902 2682 949 2717 et
972 2672 1156 2717 roderet
1180 2686 1376 2730 ungues.

239 2736 378 2797 Saepe
406 2738 575 2797 stylum
601 2747 767 2794 vertaS,
794 2738 979 2793 iterum,
1005 2752 1107 2796 quae
1133 2736 1273 2795 digna
1300 2735 1394 2796 legi
1420 2735 1529 2792 sint,

173 2800 459 2861 Scripturus,
486 2819 653 2862 neque,
679 2812 724 2848 te
750 2812 800 2847 ut
824 2803 1015 2847 miretur
1041 2801 1193 2856 turba,
1219 2800 1416 2858 labores,

172 2864 438 2914 Contentus
461 2869 624 2926 paucis
648 2868 911 2912 lectoribus.
973 2867 1051 2910 An
1077 2875 1156 2910 tua
1181 2865 1376 2910 demens

174 2931 362 2978 Vilibus
382 2931 427 2976 in
454 2931 578 2976 ludis
604 2932 768 2976 dictari
795 2932 1004 2977 carmina
1029 2930 1190 2975 malis?
1683 2929 1747 2975 75

176 2995 285 3043 Non
305 3012 419 3057 ego:
457 3012 564 3041 nam
591 2994 702 3041 satis
726 3006 795 3040 est
815 2997 1030 3056 Equitem
1053 2995 1164 3039 mihi
1186 2993 1424 3054 plaudere,
1444 3002 1495 3040 ut
1513 2991 1681 3052 audax,
1763 2989 1767 2992 ’

175 3059 471 3123 Contemptis
494 3061 612 3119 aliis,
637 3060 825 3122 explosa
850 3060 1116 3106 Arbuscula
1140 3060 1269 3106 dixit.
