1841 3349
600 199 1012 242 EPISTOLARUM
1043 198 1152 253 131ss.
1183 199 1216 237 1.
1250 200 1312 238 17.
1678 199 1768 244 163

185 327 215 349 “
237 321 346 370 Nec
371 323 546 368 furtum
571 322 678 379 feci,
704 337 796 366 nec
820 320 966 381 fugi‚’'
994 319 1033 364 si
1059 318 1173 363 mihi
1200 318 1326 363 dicat

185 391 390 436 Servus:
431 392 459 412 “
488 387 650 432 Habes
676 386 892 447 pretium,
917 385 1027 431 loris
1052 400 1147 429 non
1174 382 1368 440 ureriS,''
1398 381 1482 427 aio.

184 459 213 479 “
235 454 347 501 Non
373 453 609 499 hominem
637 452 838 497 occidi.''
912 455 940 474 “
968 450 1079 495 Non
1105 463 1272 509 pasces
1296 448 1344 492 in
1370 462 1512 492 cruce
1537 446 1745 493 corvos”

184 525 213 545 “
242 522 358 567 Sum
384 520 534 564 bonus
553 529 600 563 et
625 517 793 578 frugi.'’
866 516 1052 561 Renuit
1078 523 1219 575 negat
1243 524 1381 573 atque
1403 512 1619 558 Sabellus
1640 528 1650 558 :

186 591 215 611 “
237 586 419 631 Cautus
443 584 570 629 enim
597 584 765 628 metuit
790 583 969 628 foveam
994 581 1146 642 lupus,
1173 578 1491 640 accipiterque
1706 577 1771 622 50

184 653 440 712 Suspectos
464 650 670 710 laqueos,
696 659 742 694 et
765 657 979 709 opertum
1006 647 1177 692 miluus
1203 646 1409 690 hamum.

183 717 404 763 Oderunt
428 731 627 776 peccare
654 715 762 760 boni
789 713 970 759 virtutis
996 707 1153 758 amore
1175 727 1184 766 3

182 782 264 829 Tu
289 783 405 828 nihil
433 781 653 827 admittes
679 781 726 826 in
751 792 795 825 te
822 779 1072 825 formidine
1098 792 1263 838 poenae.

185 849 258 895 Sit
284 865 389 910 spes
416 847 624 904 fallendi,
650 845 873 891 miscebis
898 859 1032 889 sacra
1055 842 1275 904 profanis,

183 914 310 961 Nam
336 916 394 960 de
421 914 548 958 mille
575 913 692 957 fabre
719 912 887 957 modiis
911 926 1055 970 quum
1081 908 1274 969 surripis
1299 922 1465 965 unum,
1708 905 1773 952 55

184 981 427 1026 Damnum
451 988 536 1035 est,
562 994 657 1023 non
683 978 882 1034 facinus,
909 975 1024 1021 mihi
1050 984 1186 1035 pacto
1210 973 1364 1018 lenius
1390 972 1522 1018 ist0.'’

185 1047 271 1093 Vir
299 1048 464 1102 bonus,
490 1060 629 1090 omne
657 1044 806 1089 forum
834 1058 973 1103 quem
1001 1049 1181 1102 spectat
1205 1051 1251 1085 et
1275 1054 1417 1085 omne
1442 1037 1662 1096 tribunal,

183 1112 586 1171 Quandocumque
612 1110 726 1155 deos
751 1109 820 1154 vel
847 1123 989 1170 porco
1015 1107 1084 1152 vel
1114 1107 1227 1151 bove
1251 1105 1420 1166 placat,

186 1182 215 1202 “
238 1178 359 1224 Jaue
384 1178 543 1239 paterJ'
572 1174 716 1231 clare,
743 1172 869 1220 clare
895 1189 1039 1235 quum
1065 1172 1182 1218 dixit
1207 1175 1235 1194 ‘⁶
1264 1171 1493 1231 Apollo'';

186 1244 342 1290 Labra
368 1252 538 1298 movet,
565 1252 780 1286 metuens
807 1240 988 1286 audiri:
1028 1242 1055 1262 “
1084 1238 1288 1283 Pulchra
1313 1236 1543 1293 Laverna„
1710 1233 1775 1280 60

187 1310 263 1356 Da
288 1309 402 1355 mihi
430 1309 605 1364 fallere,
632 1308 691 1352 da
712 1307 891 1368 justum
918 1314 1226 1364 sanctumque
1252 1301 1397 1348 videri

187 1375 392 1422 Noctem
418 1374 626 1435 peccatis
651 1383 697 1419 et
723 1373 964 1417 fraudibus
989 1370 1144 1431 objice
1170 1368 1392 1414 nubem.''

185 1441 289 1492 Qui
315 1441 477 1486 melior
503 1456 652 1497 servo,
678 1437 757 1499 qui
783 1437 972 1483 liberior
997 1437 1055 1481 sit
1081 1450 1262 1492 avarus,

188 1507 248 1554 In
273 1507 419 1553 triviis
444 1506 589 1552 fixum
614 1521 756 1566 quum
785 1520 834 1549 se
859 1502 1062 1549 demittit
1085 1502 1145 1547 ob
1165 1511 1333 1558 assem,

188 1573 299 1620 Non
326 1573 487 1619 video:
524 1588 633 1617 nam
659 1571 738 1631 qui
764 1571 938 1631 cupiet,
960 1577 1139 1613 metuet
1162 1581 1373 1627 quoque3
1409 1561 1566 1626 porro,
1711 1563 1776 1608 65

185 1639 289 1689 Qui
315 1650 530 1685 metuens
555 1637 680 1693 vivit,
708 1637 823 1681 liber
849 1635 963 1680 mihi
990 1650 1084 1679 non
1110 1633 1197 1678 erit
1223 1646 1443 1692 unquam.

188 1705 401 1752 Perdidit
426 1720 570 1760 arma,
596 1703 752 1748 locum
779 1701 960 1746 virtutis
986 1698 1209 1755 deseruit,
1235 1697 1315 1758 qui

190 1772 388 1832 Semper
414 1771 462 1816 in
488 1769 708 1830 augenda
735 1768 922 1812 festinat
945 1775 992 1811 et
1010 1765 1220 1811 obruitur
1245 1779 1309 1809 re.

188 1837 412 1884 Vendere
437 1851 579 1897 quum
605 1833 754 1895 possis
780 1831 1034 1893 captivum,
1059 1830 1278 1876 occidere
1317 1827 1413 1874 noli
1435 1844 1444 1873 z
1513 1871 1518 1876 .

189 1904 373 1949 Serviet
397 1902 569 1947 utiliter
592 1918 601 1946 :
639 1901 739 1945 sine
763 1908 926 1959 pascat
950 1898 1096 1942 durus
1121 1905 1338 1956 aretque3
1715 1891 1779 1936 70

189 1968 395 2030 Naviget
422 1984 478 2017 ac
503 1966 671 2011 mediis
697 1965 872 2009 hiemet
897 1972 1127 2008 mercator
1148 1961 1196 2006 in
1225 1960 1388 2016 undis3

190 2035 412 2081 Annonae
436 2032 580 2095 prosit
601 2048 609 2087 ;
646 2039 797 2092 portet
822 2030 1056 2075 frumenta
1079 2041 1331 2088 penusque.

256 2100 342 2146 Vir
369 2101 520 2145 bonus
538 2108 585 2144 et
609 2097 796 2158 sapiens
821 2095 1013 2141 audebit
1038 2094 1196 2139 dicere
1220 2109 1228 2137 :
1269 2096 1296 2115 “
1317 2091 1548 2148 k’entheu‚

192 2166 373 2213 Rector
399 2165 692 2220 Thebarum,
718 2162 829 2223 quid
858 2177 931 2206 me
956 2159 1161 2221 perferre
1185 2159 1372 2219 patique

192 2231 451 2294 Indignum
492 2245 634 2292 coges
652 2230 700 2274 'P’
774 2232 801 2252 “
830 2227 1056 2273 Adimam
1094 2225 1261 2271 bona.’'
1334 2227 1362 2247 “
1389 2222 1577 2286 Nempe
1614 2238 1778 2286 pecuS,

327 2313 443 2355 rem,
1714 2289 1779 2335 75

192 2364 379 2421 Lectos,
406 2371 677 2424 argentum:
714 2361 849 2407 tollas
873 2359 1028 2405 licet.''
1101 2360 1130 2381 “
1159 2356 1216 2402 In
1243 2356 1442 2402 manicis
1466 2365 1514 2403 et

193 2429 518 2491 Compedibus
543 2444 664 2473 saevo
689 2436 734 2472 te
761 2427 848 2471 sub
873 2425 1068 2471 custode
1093 2423 1311 2469 tenebo.''

194 2499 224 2521 “
253 2495 360 2556 Ipse
385 2495 518 2550 deus,
545 2492 682 2538 simul
709 2502 846 2553 atque
871 2491 1038 2548 volam,
1064 2505 1139 2534 me
1164 2488 1352 2548 solvet.''
1424 2485 1624 2547 Opinor,

196 2561 305 2607 Ποῦ
328 2559 485 2617 sentit,
512 2562 540 2581 “
563 2556 768 2603 Moriar''
789 2574 799 2614 ;
837 2572 960 2602 mors
987 2555 1150 2600 ultima
1175 2554 1301 2600 linea
1324 2567 1480 2599 rerum
1504 2560 1594 2598 est.

692 2815 1033 2864 EPISTOLA
1053 2773 1218 2861 XVII.

806 2930 872 2961 AD
898 2930 1120 2962 SCAEVAM.

198 3021 456 3074 Qunwm,
482 3016 664 3073 Scaeva,
687 3012 801 3061 satis
824 3030 906 3076 per
925 3023 971 3060 te
995 3013 1080 3059 tibi
1104 3013 1329 3070 consulis,
1353 3022 1402 3061 et
1423 3013 1519 3061 scis

198 3087 316 3137 Quo
338 3083 527 3131 tandem
556 3091 691 3143 pacto
715 3081 881 3126 deceat
901 3079 1154 3141 majoribus
1172 3079 1256 3138 uti,

201 3152 367 3211 Disce,
391 3150 635 3196 docendus
658 3147 830 3206 adhuc,
854 3161 958 3208 quae
983 3155 1146 3193 censet
1170 3145 1402 3192 amiculus
1420 3161 1432 3201 3
1467 3151 1521 3192 ut
1542 3143 1583 3191 si
