1841 3349
584 215 929 255 SATIRARUM
961 215 1070 255 LIB.
1101 216 1161 255 ΙΙ.
1190 218 1230 256 3.
1650 218 1745 267 125

155 331 370 380 Extimui
394 349 454 379 ne
479 349 559 380 vos
584 343 745 396 ageret
768 334 958 381 vesania
984 335 1192 392 discors;

150 397 232 444 Tu
258 397 634 457 Nomentanum,
661 409 711 445 tu
736 416 796 445 ne
822 416 1070 460 sequerere
1095 401 1329 447 Cicutam.
1652 401 1746 449 175

147 463 332 521 Quare,
353 480 434 524 per
460 465 591 509 divos
615 474 775 511 oratus
801 476 995 526 uterque
1017 466 1236 524 Penates,

147 528 230 574 Tu
256 545 371 574 cave
397 546 457 575 ne
484 531 687 588 minuas,
713 541 763 577 tu
786 547 845 577 ne
871 532 1022 592 majus
1043 532 1188 577 facias
1215 532 1259 578 id

148 593 298 643 Quod
325 596 438 640 satis
463 612 565 642 esse
592 606 723 657 putat
750 607 894 658 pater,
920 607 967 643 et
994 609 1162 644 natura
1186 601 1392 644 coercet.

146 659 398 718 Praeterea‚
425 678 486 706 ne
512 679 590 708 vos
615 664 770 708 titillet
789 663 951 724 gloria,
973 663 1097 725 jure-

140 724 344 786 jurando
368 728 449 772 ob:
435 728 656 789 tringan
682 730 847 774 ambo:
887 740 987 775 uter
1014 730 1161 775 aedilis
1183 730 1378 776 fueritve
1654 727 1747 777 180

150 791 374 837 Vestrum
400 804 583 854 praetor,
613 795 650 839 is
676 794 956 840 intestabilis
981 804 1027 841 et
1051 812 1184 841 sacer
1209 806 1322 841 esto.

148 856 209 902 In
236 858 392 903 cicere
419 869 557 920 atque
587 860 694 905 faba
722 861 844 906 bona
869 870 919 906 tu
944 862 1206 922 perdasque
1231 861 1422 922 lupinis,

149 922 300 969 Latus
325 933 375 969 ut
401 925 447 970 in
475 925 619 971 Circo
645 928 861 987 spatiere,
888 937 967 972 aut
993 944 1154 973 aeneus
1180 936 1230 972 ut
1255 938 1364 985 stes,

148 988 324 1035 Nudus
350 991 490 1052 agris,
512 992 668 1037 nudus
690 993 911 1050 nummis,
939 993 1119 1050 insane,
1145 994 1353 1054 paternis
1370 994 1389 1039 ’ἒ

153 1055 348 1101 Scilicet
373 1066 422 1101 ut
448 1057 636 1118 plausus
661 1074 775 1119 quos
803 1059 889 1103 fert
917 1059 1127 1120 Agrippa
1154 1059 1274 1104 seras
1298 1069 1365 1117 tu,
1652 1058 1746 1108 185

148 1122 320 1167 Astuta
346 1121 606 1183 ingenuum
634 1125 794 1184 vulpes
819 1124 999 1170 imitata
1023 1125 1208 1171 leonem
1224 1126 1256 1170 P

148 1190 161 1210 ‘
189 1186 266 1232 Ne
291 1188 394 1247 quis
421 1190 640 1235 humasse
668 1190 776 1235 velit
804 1191 1018 1251 Ajacem,
1047 1192 1231 1249 Atrida,
1258 1199 1386 1237 vetas
1410 1206 1524 1237 cur.
1509 1191 1543 1227 ‘P'

148 1255 160 1276 ‘
182 1252 292 1297 Rex
317 1256 451 1298 sum)
525 1259 535 1278 ‘
554 1254 636 1300 Nil
663 1255 784 1301 ultri
809 1272 1003 1317 quaero
992 1257 1065 1302 nle
1072 1258 1233 1303 beius'
1306 1257 1400 1303 ‘Et
1425 1273 1608 1319 aequam

146 1317 274 1364 Rem
302 1319 541 1380 imperito:
581 1331 641 1378 a,t
668 1322 704 1366 si
731 1322 809 1366 cui
835 1323 993 1368 videor
1018 1339 1113 1368 non
1135 1323 1304 1384 justus,
1333 1324 1480 1371 inulto

147 1383 322 1430 Dicere
346 1387 470 1446 quod
496 1388 638 1432 sentit
662 1388 910 1448 permitto.²
984 1388 1226 1434 ‘Maxime
1248 1405 1429 1451 regum,
1652 1388 1746 1437 190

145 1449 210 1496 Di
236 1451 318 1497 tibi
344 1453 457 1497 dent
476 1453 614 1514 capta
640 1454 838 1499 classem
865 1455 1092 1500 reducere
1118 1454 1293 1516 Troja!

146 1515 275 1578 Ergo
304 1519 569 1575 consulere,
596 1528 642 1565 et
668 1536 777 1566 mox
800 1522 1085 1581 respondere
1110 1521 1271 1567 licebit
1289 1522 1321 1566 'l'

147 1586 158 1606 ‘
178 1583 401 1629 Consule.
408 1586 417 1605 ²
480 1589 490 1608 ‘
513 1558 612 1630 Cin·
638 1586 777 1646 Aiax,
801 1588 936 1632 heros
962 1588 1020 1632 ab
1042 1587 1231 1632 Achille
1252 1587 1509 1646 secundus,

146 1648 399 1707 Putrescit,
425 1650 562 1695 toties
587 1652 779 1696 servatis
804 1652 958 1697 clarus
987 1653 1212 1698 Achivis?

145 1715 363 1761 Gaudeat
388 1725 438 1761 ut
462 1717 661 1777 populus
689 1717 859 1763 Priami
887 1718 1192 1779 Priamusque
1218 1719 1480 1778 inhumato,
1651 1719 1743 1766 195

146 1780 237 1826 Per
261 1797 400 1841 quem
427 1791 491 1827 tot
513 1782 710 1842 juvenes
735 1783 884 1844 patrio
909 1783 1106 1829 caruere
1133 1785 1349 1845 sepulcro
1365 1786 1397 1830 ‘l'

144 1850 158 1870 ‘
178 1846 310 1892 Mille
335 1848 490 1893 ovium
517 1847 710 1893 insanus
734 1850 871 1895 morti
897 1850 1043 1907 dedit,
1071 1850 1297 1911 inclytum
1326 1850 1541 1911 Ulyssem

150 1912 209 1958 Εὲ·
242 1911 515 1958 Menelaum
543 1915 638 1958 una
665 1931 851 1960 mecum
877 1931 925 1960 se
952 1917 1172 1962 occidere
1198 1917 1439 1962 clamans.²

146 1983 157 2002 ‘
177 1978 256 2023 Tu
281 1994 426 2039 quum
451 1995 533 2039 pro
555 1980 697 2024 vitula
722 1981 886 2025 statuis
911 1981 1100 2026 dulcem
1127 1982 1302 2027 Aulide
1330 1992 1486 2028 natam

145 2044 275 2089 Ante
301 2060 419 2101 araS,
441 2045 712 2105 spargisque
738 2046 861 2091 mola
888 2056 1045 2107 caput,
1069 2047 1295 2109 improbe,
1321 2048 1462 2105 salsa,
1641 2048 1741 2097 200

144 2109 353 2155 Rectum
381 2110 524 2156 animi
549 2127 704 2157 servas
719 2112 751 2157 'Z'
773 2130 778 2134 ·
813 2115 825 2135 ‘
842 2111 1086 2161 Quorsum
1102 2114 1134 2159 ‘2’
1196 2117 1207 2137 ‘
1229 2113 1433 2160 Insanus
1456 2114 1570 2176 quid
1593 2115 1722 2162 enim

277 2176 404 2237 Ajax

145 2240 286 2287 Fecit
325 2257 470 2302 quum
498 2242 658 2288 stravit
684 2243 805 2290 ferro
824 2245 1004 2305 pecus?
1041 2245 1267 2292 abstinuit
1291 2245 1386 2292 vim

143 2307 302 2353 Uxore
327 2318 374 2353 et
397 2318 556 2369 gnat,o
580 2309 702 2355 mala
727 2310 874 2355 multa
898 2321 1117 2371 precatus
1143 2312 1338 2358 Atridis.

143 2372 256 2419 Non
283 2373 358 2419 ille
383 2383 462 2419 aut
487 2374 735 2421 Teucrum
760 2385 842 2422 aut
867 2376 1018 2436 ipsum
1046 2377 1229 2424 violavit
1254 2378 1500 2439 Ulyssem.'

144 2442 157 2463 ‘
179 2437 360 2485 Verum
384 2456 488 2501 ego,
517 2450 566 2486 ut
593 2441 824 2487 haerentes
850 2443 1045 2489 adverso
1070 2443 1224 2490 littore
1251 2460 1393 2491 naves
1636 2443 1737 2493 205

144 2503 408 2565 Eriperem,
413 2479 642 2566 C’prudens
666 2507 845 2567 placavi
871 2509 1102 2569 sanguine
1127 2511 1287 2556 divos)

144 2574 155 2593 ‘
182 2569 370 2629 Nempe
398 2581 495 2627 tuo,
524 2571 726 2617 furiose.'
789 2576 799 2595 ‘
819 2572 947 2630 Meo,
974 2575 1055 2620 sed
1083 2591 1175 2620 non
1204 2575 1435 2621 furiosus.’

143 2639 155 2659 ‘
175 2634 281 2685 Qui
306 2636 488 2695 species
512 2635 628 2681 alias
654 2637 774 2681 veris
798 2639 1081 2699 scelerisque
1107 2641 1314 2685 tumultu

143 2701 409 2747 Permixtas
434 2701 602 2761 capiet,
629 2712 892 2748 commotus
919 2704 1192 2758 habebitur;
1230 2714 1386 2766 atque,

143 2767 422 2814 Stultitiane
447 2776 586 2824 erret,
608 2766 807 2812 nihilum
835 2768 1042 2826 distabit,
1069 2785 1129 2815 an
1155 2770 1239 2815 ira.
1635 2771 1736 2821 210

140 2832 283 2894 Ajax,
308 2848 451 2893 quum
478 2832 736 2879 immeritos
759 2833 951 2891 occidit,
977 2834 1163 2896 desipit,
1190 2837 1375 2897 agnos?

138 2897 308 2948 Quum
333 2898 538 2959 prudens
563 2899 717 2944 scelus
740 2899 800 2944 ob
823 2899 981 2946 titulos
1006 2901 1210 2947 admittis
1237 2902 1419 2961 inanes,

140 2963 250 3010 Stas
273 2963 462 3010 animo?
497 2973 544 3010 et
567 2980 737 3025 purum
757 2974 827 3010 est
848 2966 958 3012 vitio
977 2966 1061 3012 tibi
1068 2983 1239 3028 ,quum
1260 2969 1493 3015 tumidum
1512 2976 1600 3028 est,
1619 2970 1733 3017 cor?

139 3029 193 3076 Si
217 3029 322 3103 quis
345 3029 517 3075 lectica
543 3030 739 3076 nitidam
765 3040 951 3092 gestare
977 3043 1102 3079 amet
1126 3049 1314 3095 agnam,

138 3093 271 3142 Huic
297 3105 489 3152 vestem,
517 3104 566 3141 ut
591 3106 762 3156 gnatae,
786 3108 935 3159 paret,
961 3099 1157 3145 ancillas
1182 3109 1327 3160 paret,
1353 3115 1546 3156 aurum;
1631 3098 1733 3149 5215

142 3159 324 3209 Rus-am
349 3170 429 3208 aut
454 3160 924 3274 RUfiHssnffappeflet’
949 3164 1147 3226 sortique
1173 3165 1340 3212 marito
