1841 3349
613 173 666 218 Q.
697 170 939 211 HORATII
968 168 1174 209 FLACCI

762 354 900 400 ODE
924 353 1043 400 XII.

647 469 713 499 AD
750 468 920 499 AELIUM
954 466 1167 496 LAMIAM.

342 552 473 610 ΛΕΜ,
499 560 681 597 vetusto
708 551 877 596 nobilis
902 550 961 594 ab
985 549 1152 605 Lamo,

345 617 578 680 (Quando
602 627 649 661 et
672 617 850 677 priores
875 615 987 659 hinc
1012 612 1202 658 Lamias
1226 610 1383 656 ferunt

407 682 768 738 DenominatOS,
795 689 841 727 et
864 687 1090 739 nepotum

471 747 561 792 Per
587 762 821 792 memores
845 760 995 806 genus
1020 759 1159 789 omne
1181 742 1321 788 fastos

342 813 556 858 Auctore
583 813 642 857 ab
666 813 744 857 illo
769 811 901 856 ducit
924 810 1174 869 originem,

340 877 443 927 Qui
468 876 766 923 Formiarum
790 876 965 921 moenia
989 875 1158 919 dicitur

407 941 652 1003 PrincepS,
680 952 726 987 et
750 942 994 986 innantem
1019 938 1214 984 Maricae

473 1008 732 1053 Littoribus
755 1005 963 1051 tenuisse
989 1004 1154 1060 Lirim,

292 1131 296 1134 .
344 1070 464 1119 Late
490 1072 769 1134 tyrannus);
809 1086 913 1116 cras
940 1069 1062 1114 foliis
1087 1082 1256 1114 nemus

345 1137 512 1184 Multis
535 1147 583 1183 et
607 1137 713 1198 alga
737 1137 867 1182 littus
891 1134 1047 1180 inutili

408 1204 630 1250 Demissa
653 1210 906 1263 tempestas
930 1200 988 1245 ab
1013 1199 1142 1244 Euro

482 1270 689 1325 Sternet,
716 1283 846 1327 aquae
872 1266 963 1311 nisi
988 1265 1107 1310 fallit
1132 1278 1282 1324 augur

346 1335 548 1381 Annosa
572 1333 750 1379 cornix.
823 1331 951 1376 Dum
977 1340 1127 1391 poteS‚
1153 1329 1337 1374 aridum

348 1400 594 1461 Compone
620 1399 829 1459 lignum:
869 1411 973 1441 cras
996 1395 1205 1440 Genium
1230 1408 1360 1439 mero

412 1465 632 1522 CurabiS,
657 1473 705 1509 et
727 1478 871 1524 porco
895 1460 1122 1516 bimestri,

482 1530 608 1576 Cum
634 1528 821 1576 famulis
844 1541 1041 1588 operum
1066 1524 1241 1571 solutis.

756 1787 896 1835 ODE
919 1786 1064 1833 XIII.

746 1902 812 1932 AD
850 1901 1073 1933 FAUNUM.

353 1988 552 2046 ῈΑυΝΕ,
577 1985 909 2047 Nympharum
934 1981 1199 2045 fugientum
1223 1989 1419 2042 amator,

352 2054 443 2100 Per
467 2069 598 2098 meos
622 2052 740 2097 fines
764 2059 810 2096 et
835 2050 993 2110 aprica
1017 2065 1126 2094 rura

352 2118 499 2166 Lenis
523 2117 734 2172 incedas,
761 2116 992 2174 abeasque
1018 2113 1170 2174 parvis

684 2181 868 2240 AEquus
893 2179 1121 2224 alumnis:

357 2249 410 2295 Si
432 2257 565 2294 tener
587 2247 726 2307 pleno
751 2246 877 2290 cadit
904 2245 1066 2289 haedus
1091 2257 1231 2300 anno,

355 2315 510 2374 Larga
533 2327 624 2358 nec
649 2313 820 2357 desunt
843 2310 1046 2355 Veneris
1071 2307 1219 2354 sodali

355 2379 485 2426 Vina
507 2386 716 2434 craterae,
742 2385 874 2421 vetus
899 2391 979 2420 ara
1002 2374 1149 2419 multo

678 2441 851 2486 Fumat
874 2441 1030 2486 odore.

358 2509 503 2555 Ludit
527 2508 725 2554 herboso
750 2522 896 2567 pecus
918 2519 1059 2550 omne
1086 2517 1270 2564 campo,

357 2573 524 2624 Quum
548 2573 633 2618 tibi
658 2571 705 2617 N
709 2588 812 2617 onae
836 2571 1037 2616 redeunt
1061 2566 1379 2614 Decembres:

361 2639 532 2685 Festus
556 2639 604 2684 in
628 2638 773 2699 pratis
799 2644 931 2682 vacat
953 2635 1102 2681 otioso

690 2702 814 2748 Cum
839 2702 955 2747 bove
978 2713 1153 2760 pagus:

363 2768 493 2814 Inter
518 2769 723 2814 audaces
747 2767 885 2827 lupus
908 2774 1031 2810 errat
1055 2776 1228 2822 agnos:

367 2833 556 2894 Spargit
580 2843 787 2894 agrestes
810 2831 894 2877 tibi
919 2831 1032 2875 silva
1056 2826 1273 2872 frondes:

364 2897 557 2944 Gaudet
577 2899 776 2945 invisam
799 2896 1032 2957 pepulisse
1057 2892 1202 2937 fossor

695 2960 795 3006 Ter
819 2961 939 3020 pede
957 2968 1145 3005 terram.

1670 1123 1735 1172 10

1673 1456 1735 1503 15

1682 2561 1744 2609 10

1686 2883 1748 2932 15
