1841 3349
614 145 666 191 Q.
696 143 940 184 HORATII
968 141 1190 182 FLACCI.

342 265 537 312 Occidit
562 264 685 311 Daci
710 263 948 310 Cotisonis
972 275 1169 323 agmen:

344 331 518 378 Medus
542 331 724 378 infestis
748 330 837 375 sibi
862 329 1104 374 luctuosus

676 395 887 442 Dissidet
911 394 1077 439 armis:

347 463 518 520 Servit,
543 462 770 523 Hispanae
797 471 929 506 vetus
953 458 1098 505 hostis
1121 472 1232 515 orae,

347 530 602 585 Cantaber,
633 529 737 573 sera
763 526 969 572 domitus
993 524 1191 569 catena:

347 594 455 640 Jam
484 595 672 654 Scythae
697 593 803 637 laxo
828 591 1112 636 meditantur
1138 601 1250 632 arcu

676 657 860 702 Cedere
897 654 1089 715 campis.

348 724 397 771 N
403 725 631 786 eoliffens
657 739 716 768 ne
742 722 833 795 quii
858 720 1056 782 populus
1081 719 1274 775 labor‚et

351 764 524 837 Pare?
525 790 730 861 privatus
756 785 955 833 nimium
982 801 1064 830 cav
1070 800 1179 830 ere·
1169 820 1178 839 ‚

347 855 488 905 Dona
510 855 753 917 praesentis
779 869 892 914 cape
919 852 1052 897 lactus
1077 852 1217 907 horae,
1241 856 1288 893 et

678 919 862 979 Linque
888 933 1061 963 severa.

746 1209 886 1259 ODE
933 1209 1077 1257 VIII.

704 1343 770 1374 AD
806 1320 1124 1372 MERCURIUM.

356 1442 775 1506 MERCUR1,(nam
801 1451 846 1488 te
871 1440 1037 1487 docilis
1062 1439 1286 1500 magistro

357 1513 508 1560 Movit
532 1510 774 1571 Amphion
799 1508 981 1568 lapides
1006 1506 1223 1551 canendo
1230 1505 1264 1568 )

358 1578 550 1639 Tuque,
575 1575 778 1631 testudo,
804 1588 1023 1619 resonare
1049 1581 1228 1632 septem

688 1639 874 1686 Callida
897 1638 1069 1695 nervis,

359 1710 467 1758 Nec
491 1709 660 1769 loquax
683 1707 794 1752 olim
819 1720 971 1776 neque
997 1712 1144 1764 grata,
1170 1717 1301 1747 nunc
1325 1708 1371 1747 et

360 1776 574 1823 Divitum
600 1772 775 1818 mensis
799 1779 846 1815 et
871 1769 1023 1815 amica
1047 1768 1248 1828 templis,

361 1841 455 1889 Dio
479 1840 643 1886 modos
667 1837 798 1897 Lyde
823 1835 992 1895 quibus
1016 1834 1274 1879 obstinatas

691 1902 917 1963 Applicet
942 1915 1094 1945 aures.

363 1972 445 2019 Tu
468 1980 600 2033 potes
623 1969 768 2030 tigres
793 1967 1081 2026 comitesque
1107 1964 1245 2010 silvas

365 2038 574 2093 Ducere,
600 2044 647 2080 et
670 2034 792 2078 rivos
816 2032 994 2076 celeres
1019 2030 1203 2075 morari

366 2103 523 2149 Cessit
546 2098 766 2146 immanis
790 2097 873 2141 tibi
900 2095 1158 2140 blandienti

698 2163 882 2208 Janitor
908 2161 1025 2205 aulae

367 2232 633 2287 Cerberus3
671 2228 882 2290 quamvis
907 2226 1070 2272 furiale
1097 2233 1290 2270 centum

369 2297 593 2345 Muniant
618 2310 797 2356 angues
822 2304 961 2365 caput
987 2292 1104 2352 ejuS‚
1131 2301 1268 2350 atque

371 2364 574 2426 Spiritus
597 2371 715 2407 teter
741 2359 988 2418 saniesque
1015 2366 1174 2402 manet

697 2426 795 2471 Ore
820 2424 1042 2484 trilingui.

369 2495 506 2545 Quin
533 2503 577 2539 et
604 2492 740 2538 Ixion
769 2492 813 2536 'l
820 2491 1027 2563 ityosque
1053 2487 1184 2533 vultu

372 2561 501 2608 Risit
526 2560 696 2605 invito:
735 2557 861 2602 stetit
887 2571 1003 2600 urna
1023 2551 1215 2615 paulum

374 2628 531 2684 Sicca,
558 2626 671 2670 dum
695 2632 826 2684 grato
852 2622 1009 2666 Danai
1033 2620 1213 2681 puellas

704 2688 927 2734 Carmine
954 2686 1146 2730 mulces.

375 2757 555 2802 Audiat
579 2755 711 2815 Lyde
737 2754 892 2799 scelus
918 2763 1053 2825 atque
1079 2758 1214 2794 notas

376 2822 628 2881 Virginum
654 2837 832 2881 poenas,
858 2829 904 2864 et
931 2819 1069 2863 inane
1095 2812 1294 2872 lymphoe

377 2886 570 2932 Dolium
597 2886 741 2931 fundo
768 2883 1007 2945 pereuntis
1033 2881 1142 2936 imo,

709 2951 917 3008 Seruque
944 2947 1036 2992 sata

377 3016 505 3066 Quae
530 3025 723 3059 manent
748 3014 909 3073 culpas
933 3011 1074 3056 etiam
1100 3009 1185 3054 sub
1204 3008 1348 3054 Orco.

381 3081 563 3144 Impiae,
591 3080 722 3142 (nam
747 3079 858 3139 quid
882 3075 1077 3138 potuere
1103 3074 1254 3136 majus
1268 3074 1309 3136 Τ)

1665 382 1730 431 20

1670 709 1734 757 25

1689 2025 1748 2072 10

1693 2351 1752 2398 15

1691 2679 1756 2724 20
