1841 3349
56 172 150 224 140
601 165 652 214 Q.
682 158 925 207 HoRA'rn
953 158 1158 206 FLAccl

117 290 227 338 Jam
252 291 364 335 vino
384 296 618 349 quaerenS,
632 285 729 348 jam
753 279 935 343 somno,
961 283 1119 330 fallere
1145 295 1308 328 curam
1329 294 1331 296 ·

120 352 347 410 Frustr213
383 365 494 400 nam
517 367 676 399 comes
700 360 800 398 atra
822 349 992 413 premit
1015 347 1318 410 sequiturque
1343 343 1575 407 fugacem.

754 474 993 502 HORATIUS.

122 533 263 582 Unde
285 531 404 580 mihi
426 531 665 594 lapidem?

799 652 959 680 DAVUS·

716 724 963 776 Quorsum
986 730 1058 769 est
1079 721 1231 783 opus?

768 848 1007 877 HORATms.

1318 897 1460 946 Unde
1482 894 1709 960 sagittas?

809 1027 967 1054 DAths.

133 1110 236 1158 Aut
256 1105 434 1156 insanit
455 1105 613 1162 homo,
637 1110 719 1149 aut
739 1116 902 1147 versus
927 1099 1054 1146 facit.

769 1225 970 1253 HORATIU
977 1225 994 1250 S
1001 1242 1008 1250 .

1157 1256 1312 1307 Ocius
1335 1258 1449 1305 hinc
1471 1265 1518 1304 te
1647 1255 1710 1304 91

136 1338 203 1387 Ni
225 1337 367 1401 rapiS,
390 1334 592 1383 accedes
613 1347 757 1395 opera
780 1346 892 1393 agro
915 1344 1042 1377 nona
1066 1326 1257 1375 Sabino.

658 1504 713 1512 ..-

674 1623 937 1673 SATIRA
974 1621 1117 1672 VIII.

778 1763 1018 1790 HORATIUS.

142 1848 219 1897 U‘r
242 1855 290 1894 te
312 1840 562 1892 Nasidieni
583 1839 703 1902 juvit
725 1853 863 1884 coena
886 1834 1044 1882 beati'!

139 1913 269 1961 Nam
297 1910 428 1968 mihi,
452 1905 681 1970 quaerenti
706 1903 967 1960 convivam,
992 1901 1147 1947 dictus
1170 1895 1286 1946 here·
1311 1895 1408 1943 illic

143 1979 219 2028 De
243 1977 401 2026 medio
424 1986 584 2038 potare
609 1971 699 2018 die.

769 2092 1038 2120 FUNDANIUS.

805 2163 903 2221 Sic,
927 2171 979 2207 ut
1000 2160 1116 2207 mihi
1141 2172 1382 2220 nunquam

149 2239 209 2287 In
231 2238 327 2285 vita
351 2235 490 2283 fuerit
512 2229 695 2280 melius.

785 2351 1023 2379 HORATIUS.

808 2423 900 2480 Da,
926 2422 963 2468 si
989 2435 1128 2482 grave
1152 2433 1249 2465 non
1272 2426 1359 2476 est,

152 2500 281 2553 Quae
303 2498 455 2562 prima
479 2496 647 2542 iratum
668 2499 878 2538 ventrem
903 2484 1158 2549 placaverit
1180 2500 1302 2531 esca.
1699 2479 1734 2526 ὅ

776 2613 1041 2641 FUNDANIUS.

158 2697 218 2744 In
241 2695 404 2757 primis
428 2694 650 2740 Lucanus
675 2704 784 2750 aper
807 2704 815 2733 :
853 2686 949 2732 leni
975 2684 1061 2730 fuit
1085 2684 1263 2728 Austro

159 2763 356 2822 Captus,
382 2770 430 2804 ut
456 2759 611 2804 aiebat
634 2769 781 2801 coenae
806 2762 949 2814 pater.
1021 2748 1168 2795 Acria
1191 2742 1374 2792 circum

160 2826 367 2887 Rapula,
392 2825 606 2879 lactucae,
631 2821 831 2876 radices,
856 2815 1010 2878 qualia
1034 2815 1207 2859 lassum

161 2891 432 2940 Pei-vellunt
456 2887 747 2932 stomachum
769 2901 779 2938 ;
816 2884 947 2939 siser,
973 2879 1122 2935 halec,
1150 2875 1315 2922 saecula
1338 2873 1450 2921 Coa.

163 2957 210 3005 11
220 2959 256 3003 is
281 2955 359 3001 ubi
383 2952 575 2999 sublatis
599 2966 713 3011 puer
739 2948 831 2994 alte
858 2949 1042 2993 cinctus
1066 2957 1286 2988 acernam
1678 2934 1740 2984 10

162 3024 384 3083 Gausape
407 3031 642 3081 purpureo
666 3029 877 3060 mensam
900 3009 1132 3073 pertersit,
1157 3017 1205 3055 et
1227 3007 1344 3053 aiter
