1841 3349
69 148 162 198 164
603 144 655 191 Q.
686 143 928 184 HORATH
957 107 1164 184 FLAch

129 266 302 313 Caecus
325 265 413 310 iter
435 272 695 314 monstrare
719 265 856 312 velit:
892 273 1050 312 tamen
1077 262 1235 324 aspice
1259 260 1297 309 si
1319 261 1431 321 quid

128 330 193 378 Et
216 347 317 388 nos,
341 329 464 391 quod
489 345 626 376 cures
651 332 888 391 proprium
914 330 1096 386 fecisse,
1122 329 1379 385 loquamur.

197 397 250 442 Si
274 406 320 442 te
343 406 475 458 grata
497 396 629 456 quies
653 406 696 441 et
722 397 918 457 primam
946 410 1139 440 somnus
1164 394 1211 438 in
1240 394 1400 438 horam

130 461 375 518 Delectat3
413 462 451 507 si
476 472 520 508 te
545 462 696 522 pulvis
721 461 1032 522 strepitusque
1057 470 1278 516 rotarum,

130 528 186 574 Si
209 528 337 574 laedit
361 543 592 587 caupona,
620 526 926 572 Ferentinum
955 526 1020 570 ire
1041 524 1243 584 jubebo:

130 593 257 640 Nam
276 609 429 655 neque
453 591 675 637 divitibus
699 592 983 651 contingunt
1006 589 1177 650 gaudia
1203 588 1332 643 solis3

131 658 238 706 Nec
263 660 374 704 vixit
399 657 537 713 male,
563 657 640 717 qui
662 667 800 702 natus
825 656 1119 714 moriensque
1145 653 1318 699 fefellit.

134 725 185 771 Si
210 726 429 786 prodesse
455 723 563 780 tuiS‚
589 720 823 783 pauloque
850 718 1102 781 benignius
1127 720 1279 780 ipsum

131 789 207 836 Te
230 800 429 836 trac-tare
455 789 594 845 voles,
620 789 819 833 accedes
844 788 999 832 siccus
1024 787 1081 831 ad
1104 795 1311 831 unctum.

128 859 161 880 “
186 857 236 902 Si
261 857 511 917 pranderet
529 855 632 900 olus
654 855 900 916 patienter,
927 853 1116 913 regibus
1141 853 1207 897 uti

131 921 292 968 Nollet
318 921 632 981 Aristippus.’'
705 924 732 942 ‘⁶
761 920 812 964 Si
838 919 979 964 sciret
1003 918 1191 977 regibus
1216 917 1299 974 uti,

131 986 385 1033 Fastidiret
407 987 528 1043 oluS‚
553 985 632 1045 qui
658 1000 733 1030 me
761 985 934 1030 notat.''
1007 978 1168 1029 Utrius
1193 983 1358 1027 horum

132 1052 290 1099 Verba
313 1053 480 1114 probes
504 1062 550 1097 et
576 1051 713 1103 facta,
740 1051 889 1105 doceg
929 1049 997 1094 vel
1021 1049 1177 1110 junior
1204 1048 1313 1094 audi

133 1118 231 1164 Cur
256 1119 314 1164 sit
338 1117 565 1178 Aristippi
590 1117 739 1178 potior
758 1116 1007 1161 seu-tentia.
1078 1114 1298 1174 Namque

133 1181 406 1230 Mordacem
433 1184 667 1244 Cynicum
695 1182 763 1227 sic
786 1182 1020 1236 eludebat,
1048 1190 1097 1226 ut
1121 1180 1252 1225 aiunt
1273 1195 1281 1224 :

134 1252 162 1274 “
187 1250 382 1296 Scurror
402 1266 490 1311 ego
516 1249 612 1310 ipse
631 1248 768 1305 mihi,
795 1247 966 1308 populo
990 1257 1066 1300 tu;
1103 1246 1278 1291 rectius
1301 1245 1391 1290 hoc
1415 1252 1462 1289 et

135 1315 437 1376 Splendidius
461 1312 608 1359 multo
633 1323 730 1359 est:
768 1329 914 1373 equus
940 1323 990 1358 ut
1014 1328 1087 1357 me
1114 1322 1279 1372 portet,
1300 1310 1392 1356 alat
1414 1325 1511 1366 rex,

133 1380 356 1426 Officium
384 1380 530 1434 facio;
568 1388 617 1424 tu
643 1379 797 1439 poscis
822 1379 930 1423 vilia
953 1393 1125 1433 rerum,

135 1445 291 1492 Dante
317 1446 483 1502 minor,
509 1445 719 1505 quamvis
745 1444 835 1489 fers
859 1453 903 1489 te
929 1444 1104 1488 nullius
1127 1442 1391 1502 egentem.'’

127 1511 304 1558 'Omnis
329 1512 618 1571 Aristippum
645 1510 806 1555 decuit
829 1509 954 1554 color
979 1518 1025 1554 et
1050 1518 1196 1553 status
1220 1517 1266 1552 et
1291 1522 1380 1564 res,

135 1577 425 1623 Tentantem
450 1576 641 1636 majora,
669 1573 764 1620 fere
791 1574 1101 1635 praesentibus
1127 1587 1324 1632 aequum.

135 1642 330 1700 Contra,
356 1658 493 1703 quem
521 1641 696 1702 duplici
722 1656 879 1701 panno
903 1638 1129 1700 patientia
1154 1638 1292 1695 velat,

137 1708 360 1765 Mirabor,
388 1708 491 1753 vitae
517 1708 590 1752 via
614 1706 653 1751 si
677 1722 903 1751 conv-ersa
928 1704 1128 1750 decebit.

138 1774 270 1820 Alter
294 1788 580 1834 purpureum
605 1787 700 1817 non
726 1771 1018 1831 exspectabit
1043 1770 1286 1826 amictum,

133 1839 386 1889 Quidlibet
402 1839 594 1884 indutus
619 1837 924 1882 celeberrima
942 1852 1024 1896 per
1051 1835 1150 1880 loca
1176 1834 1328 1891 vadet,

136 1904 483 1965 Personamque
510 1905 626 1949 feret
650 1919 744 1948 non
771 1901 1088 1947 inconcinnus
1114 1909 1384 1960 utramque:

137 1971 272 2016 Alter
297 1970 450 2016 Mileti
475 1979 648 2015 textam
674 1984 792 2014 cane
816 1968 949 2029 pejus
973 1977 1020 2012 et
1044 1981 1198 2026 angue

138 2036 320 2082 Vitabit
340 2036 666 2095 chlamyden13
704 2035 926 2080 morietur
948 2033 1133 2094 frigore,
1159 2031 1196 2076 si
1223 2046 1316 2076 non

114 2128 116 2130 ·
138 2101 399 2147 Rettuleris
423 2116 658 2161 pannum:
696 2100 830 2156 refer,
856 2108 902 2144 et
927 2099 1028 2143 sine
1054 2097 1175 2142 vivat
1200 2097 1397 2156 ineptus.

203 2166 305 2212 Res
328 2181 489 2227 gerere
515 2174 561 2210 et
585 2176 745 2225 captos
768 2165 1016 2210 ostendere
1041 2163 1219 2208 civibus
1247 2163 1416 2218 hostes,

139 2232 343 2292 Attingit
368 2231 532 2276 solium
559 2230 688 2275 Jovis
712 2239 758 2274 et
783 2229 990 2274 coelestia
1014 2237 1186 2273 tentat:

138 2297 437 2356 Principibus·
461 2295 692 2356 placuisse
722 2295 845 2349 viris,
873 2309 965 2338 non
987 2293 1147 2337 ultima
1173 2291 1274 2335 laus
1299 2299 1382 2336 est.

139 2362 251 2409 Non
276 2362 424 2408 cuivis
451 2361 624 2405 homini
650 2359 879 2419 contingit
905 2358 1032 2403 adire
1057 2357 1351 2402 Corinthum.

141 2428 291 2484 Sedit,
310 2427 389 2487 qui
413 2426 567 2472 timuit
593 2441 652 2470 ne
677 2441 770 2470 non
798 2424 1072 2469 succederet
1094 2439 1102 2477 ;
1142 2432 1242 2467 esto
1264 2438 1272 2466 :

139 2492 308 2543 Quid?
342 2492 422 2553 qui
446 2491 673 2553 pervenit,
696 2490 866 2536 fecitne
894 2489 1115 2534 viriliter?
1151 2487 1299 2547 Atqui

142 2558 240 2604 Hic
264 2567 349 2615 est,
375 2567 454 2603 aut
479 2572 724 2617 nusquam,
750 2555 870 2616 quod
897 2554 1175 2615 quaerimus:
1215 2553 1292 2598 hic
1314 2566 1434 2597 onus
1456 2551 1631 2609 horret,

141 2622 205 2670 Ut
226 2624 378 2684 parvis
402 2623 570 2668 animis
588 2631 635 2674 et
658 2637 798 2682 parvo
823 2635 1014 2680 corpore
1040 2619 1190 2679 majus
1210 2634 1219 2673 ;

144 2687 240 2734 Hic
264 2688 386 2734 subit
409 2699 456 2733 et
479 2688 662 2748 perfert.
734 2687 833 2732 Aut
858 2686 1001 2730 virtus
1027 2700 1196 2729 nomen
1223 2683 1362 2727 inane
1387 2689 1472 2738 est,

145 2752 245 2799 Aut
268 2753 413 2798 decus
437 2762 482 2798 et
505 2753 703 2813 pretium
729 2749 856 2797 recte
884 2750 998 2811 petit
1021 2749 1266 2809 experiens
1293 2748 1370 2792 vir.

211 2817 381 2863 Coram
407 2833 516 2877 rege
541 2818 625 2862 sua
650 2818 707 2862 de
731 2825 1001 2877 paupertate
1026 2823 1236 2859 tacentes

146 2881 259 2931 Plus
281 2891 505 2944 poscente
532 2882 692 2926 serent.
763 2881 933 2937 Distat,
955 2893 1173 2924 sumasne
1194 2876 1440 2936 pudenter,

148 2948 227 2995 An
252 2948 428 3008 rapias:
467 2947 591 3005 atqui
617 2961 769 2990 rerum
792 2956 934 3005 *caput
960 2945 1047 2989 hoc
1072 2954 1185 2998 erat,
1213 2943 1289 2986 hio
1315 2941 1430 2987 fons.

148 3017 177 3038 “
199 3012 418 3059 Indotata
443 3012 554 3057 mihi
580 3026 705 3056 soror
729 3019 815 3067 est,
840 3008 1122 3070 paupercula
1154 3017 1315 3064 mater,

148 3077 211 3124 Et
233 3077 406 3125 fundus
428 3091 520 3125 nec
543 3075 806 3134 vendibilis,
830 3090 920 3121 nec
943 3089 1135 3135 pascere
1154 3069 1364 3131 finnus?

1582 621 1706 700 ἰο

1648 981 1708 1027 15

1645 1308 1767 1355 20⁴

1650 1963 1713 2008 30

1651 2615 1714 2661 40
