1841 3349
594 182 937 225 SATIRARUM
967 182 1076 221 LIB.
1106 183 1165 221 ΙΙ.
1194 185 1234 222 8.
1641 184 1728 232 1⁴ss

153 304 370 366 Sublegit
395 304 708 366 quodcunque
729 303 908 364 jaceret
932 301 1113 358 inutile,
1138 301 1356 362 quodque

153 370 318 417 Posset
342 379 584 416 coenantes
607 369 872 421 oil'endere3
912 377 962 412 ut
987 367 1148 411 Attica
1175 367 1304 426 virgo

153 437 278 482 Cum
304 437 449 481 sacris
473 435 676 491 Cereris,
702 433 914 494 procedit
940 432 1098 477 stiscus
1125 431 1390 491 Hydaspes,

153 501 363 547 Caeouba
388 502 495 545 vina
521 500 701 553 ferens:
741 499 914 554 Alcon,
940 497 1115 542 Chium
1142 498 1284 542 maris
1308 511 1490 557 experS.
1677 496 1738 544 lo

155 567 253 612 Hic
279 568 418 611 herus
441 582 449 610 :
488 570 516 588 “
545 566 803 622 Albanum,
830 563 1089 620 Maecenas,
1115 564 1211 607 sive
1240 562 1495 607 Falernum

151 632 231 678 Te
256 632 406 693 magis
431 631 652 692 appositis
677 631 897 687 delectat,
925 630 1154 674 habemus
1181 627 1476 689 utrunique.'’

795 754 1036 779 HORATIUS.

153 829 354 874 Divitias
379 828 599 873 miseras!
639 827 734 872 Sed
759 825 892 886 queis
916 824 1214 870 coenantibus
1238 823 1350 883 unii,

153 894 393 952 Fundani,
418 890 615 955 pulchre
643 892 780 937 fuerit
804 892 904 949 tibi,
931 890 1070 940 nosse
1095 891 1268 936 laboro.

780 1016 1047 1042 FUNDANIUS.

155 1094 382 1138 Summus
407 1107 522 1152 ego3
560 1098 604 1135 et
629 1106 773 1150 prope
798 1105 873 1134 me
901 1089 1072 1134 Viscus
1098 1087 1372 1145 Thurinus;
1409 1096 1457 1135 et
1479 1085 1619 1149 insta,
1672 1086 1706 1137 2

155 1159 207 1213 Si
236 1158 443 1214 memini,
473 1157 666 1201 Varius:
704 1171 811 1200 cum
842 1156 1037 1199 Servilio
1063 1153 1314 1200 Balatrone

152 1223 389 1280 Vibidius,
416 1238 530 1282 quos
556 1221 797 1266 Maecenas
823 1221 1081 1265 adduxerat
1106 1220 1308 1265 umbras.

152 1289 486 1335 Nomentanus
512 1298 610 1333 erat
635 1303 772 1347 super
799 1287 966 1347 ipsum,
998 1286 1189 1331 Porcius
1217 1284 1354 1345 insta,

154 1355 410 1400 Ridiculus
435 1363 554 1399 totas
579 1354 714 1398 simul
741 1353 994 1397 obsorbere
1019 1352 1273 1412 placentas.

153 1420 486 1466 Nomentanus
511 1420 568 1464 ad
591 1420 694 1476 hoc,
721 1418 816 1479 qui,
845 1419 879 1463 si
908 1418 1019 1477 quid
1048 1416 1163 1462 forte
1192 1418 1371 1475 lateret,
1673 1415 1742 1464 20

152 1485 321 1531 Indice
349 1495 626 1530 monstraret
651 1484 825 1545 digito:
863 1499 970 1529 nam
998 1494 1168 1528 caetera
1192 1484 1345 1540 turba,

152 1551 272 1609 Nos,
301 1552 506 1610 inquam,
533 1566 775 1596 coenainus
801 1566 924 1607 aves,
951 1550 1216 1609 conchylia,
1236 1549 1407 1610 pisces,

152 1616 320 1678 Longe
348 1617 621 1661 dissimilem
649 1628 758 1661 noto
783 1615 982 1661 celantia
1010 1631 1234 1671 snccum;

98 1689 104 1692 “
152 1683 216 1728 Ut
241 1683 309 1728 vel
336 1680 564 1728 continuo
590 1683 764 1755 patuit,
779 1697 923 1742 quum
949 1681 1150 1742 passeris
1175 1692 1313 1741 atque

154 1748 211 1794 In
215 1759 400 1810 gustata
425 1748 537 1793 mihi
565 1742 833 1808 porrexerat
858 1747 936 1792 ilia
961 1746 1158 1792 rhombi.
1673 1743 1742 1794 30

120 1864 123 1865 ⁷
153 1814 265 1860 Post
293 1816 377 1859 boc
399 1830 473 1858 me
500 1814 660 1858 docuit
681 1813 915 1858 melimela
940 1814 1106 1858 rubere
1133 1811 1364 1857 minorem

154 1880 231 1925 Ad
257 1880 417 1925 lunam
442 1880 639 1925 delecta.
709 1879 843 1928 Quid
871 1880 960 1924 hoc
987 1879 1186 1935 intersit,
1214 1879 1273 1923 ab
1295 1878 1393 1939 ipso

153 1946 378 1989 Audieris
405 1944 585 1986 melius.
656 1944 786 1984 Tum
814 1945 1032 1984 Vibidius
1058 1943 1327 1983 Balatroni:

153 2014 181 2033 “
202 2009 319 2064 Nos,
346 2008 435 2053 nisi
460 2003 686 2051 damnose
715 2005 935 2061 bibimus,
962 2005 1218 2050 moriemur
1245 2002 1430 2049 inulti.”

154 2074 216 2120 Et
241 2074 416 2119 calices
441 2073 592 2133 poscit
617 2071 827 2132 majores.
898 2071 1097 2116 ‘Vertere
1121 2070 1268 2131 pallor
1673 2069 1741 2119 35
1777 2088 1781 2091 ¹

152 2140 283 2186 Tum
310 2139 504 2200 parochi
533 2138 717 2194 faeiem,
744 2137 806 2181 nil
834 2136 903 2181 sic
929 2137 1185 2181 metuentis
1212 2145 1261 2181 ut
1286 2150 1420 2181 acres

154 2206 373 2261 Potores;
412 2204 480 2249 vel
506 2203 631 2264 quod
658 2202 947 2248 maledicunt
972 2200 1259 2256 liberius‚vel

154 2272 357 2317 Fervida
380 2268 505 2331 quod
532 2269 701 2314 subtile
726 2269 981 2314 exsurdant
1006 2269 1112 2314 vina
1136 2268 1360 2329 palatum.

156 2337 406 2383 invertunt
433 2335 698 2396 Alliphanis
720 2334 898 2379 vinaria
922 2345 1020 2382 tota

153 2403 374 2449 Vibidius
400 2402 694 2461 Balatroque,
720 2400 927 2461 sequutis
951 2399 1171 2446 omnibus
1193 2416 1202 2445 :
1239 2399 1320 2445 imi
1671 2398 1740 2448 40

153 2468 375 2514 Convivae
400 2467 508 2511 lecti
536 2465 735 2511 nihilum
763 2465 970 2511 nocuere
995 2465 1188 2526 lagenis.

156 2534 366 2579 Affertur
392 2532 581 2591 squillas
605 2531 725 2576 inter
752 2547 960 2576 inuraena
985 2542 1201 2576 natantes

155 2599 212 2643 In
238 2598 398 2658 patina
418 2605 644 2656 porrecta.
707 2596 807 2640 Sub
828 2597 915 2641 hoc
938 2597 1092 2652 herus,
1120 2601 1147 2619 “
1170 2595 1288 2639 Haeo
1307 2593 1548 2654 gravida,’'
1570 2592 1738 2656 inquit,

156 2669 184 2687 “
214 2665 383 2723 Capta
388 2672 473 2718 est,
500 2661 698 2705 deterior
724 2670 826 2719 post
851 2672 1031 2731 parturn
1058 2676 1200 2705 carne
1228 2659 1393 2705 futura.

156 2729 248 2776 His
268 2730 465 2772 mixtum
485 2726 561 2786 jus
586 2735 655 2770 est
678 2725 781 2770 oleo
805 2726 928 2784 quod
954 2726 1103 2785 prima
1128 2723 1322 2769 Venafri
1626 2761 1637 2777 .,
1672 2724 1739 2773 45

155 2794 332 2840 Pressit
358 2792 503 2846 cella3
541 2806 653 2863 garo
672 2791 730 2834 de
755 2791 911 2834 succis
936 2790 1078 2850 piscis
1104 2789 1254 2834 Iberi·
1244 2825 1254 2845 ,

154 2860 283 2905 Vino
308 2856 614 2928 quinquenni,
642 2872 802 2900 verum
829 2856 946 2900 citra
971 2871 1097 2900 mare
1122 2866 1248 2913 nato,

155 2925 252 2970 Du
256 2939 285 2968 n
311 2922 541 2983 coquitur,
563 2931 698 2967 cocto
722 2921 895 2966 Chium
921 2921 989 2965 sic
1013 2921 1234 2966 convenit
1258 2928 1309 2965 ut
1333 2935 1430 2967 non

157 2990 270 3035 Hoc
294 2991 444 3048 magis
469 2988 614 3032 ullum
639 2986 762 3032 aliud
784 3003 794 3040 ;
830 2987 990 3046 pipere
1015 2987 1136 3044 albo,
1161 3002 1258 3032 non
1283 2987 1384 3033 sine
1409 2995 1546 3034 aceto

155 3055 304 3106 Quod
331 3053 700 3115 Methymnaeam
725 3052 834 3098 vitio
853 3052 1101 3099 mutaverit
1126 3068 1275 3099 uvam.
1671 3050 1739 3100 50
