1841 3349
492 124 504 133 x
568 149 923 214 „CNARMINUM
953 148 1062 186 LIB.
1093 146 1174 185 111.

386 271 495 319 Nec
518 270 663 315 sumit
680 277 769 314 aut
791 268 924 329 ponit
949 281 1141 312 secures

450 335 661 381 Arbitrio
684 334 919 396 popularis
945 347 1085 377 aurae.

318 404 498 460 Virtus,
524 401 777 446 recludens
802 398 1047 445 immeritis
1068 395 1186 442 mori

320 469 526 525 Coelum,
554 466 727 528 negata
752 474 902 510 tentat
927 465 1012 509 iter
1037 462 1145 507 via:

386 535 644 593 Coetusque
671 532 885 592 vulgares
910 540 956 575 et
976 529 1119 573 udam

453 599 642 660 Spernit
667 599 863 643 humum
891 596 1100 656 fugiente
1125 607 1299 655 penna

318 665 406 712 Est
430 676 476 710 et
501 664 628 709 fideli
655 673 757 709 tuta
784 663 972 707 silentio

320 732 537 778 Merces:
576 730 756 785 vetabo
783 730 861 788 qui
887 726 1076 772 Cereris
1101 738 1290 769 sacrum

388 796 607 856 Vulgarit
632 809 833 850 arcanae,
861 793 948 837 sub
972 791 1125 837 isdem

454 863 526 907 Sit
550 861 774 917 trabibus,
803 858 1075 919 fragilemve
1101 870 1292 900 mecum

321 929 423 976 Soli
420 937 480 973 at
506 927 715 972 faselum.
777 923 915 986 Saepe
943 923 1180 983 Diespiter

325 995 590 1055 Neglectus
616 994 797 1037 incesto
823 990 1003 1034 addidit
1030 989 1290 1048 integrum:

388 1058 521 1106 Raro
549 1058 909 1103 antecedentem
932 1054 1187 1100 scelestum

454 1124 676 1171 Deseruit
699 1124 820 1185 pede
846 1122 993 1167 Poena
1017 1120 1200 1165 claudo.

754 1416 886 1445 1³³³st
963 1415 1000 1444 't

754 1441 866 1462 ‘Ji-⁷1)
937 1442 1020 1460 23⁴.

325 1523 354 1569 J
359 1537 527 1570 USTUM
552 1535 608 1566 ac
632 1528 852 1566 tenacem
887 1513 1111 1576 propositi
1136 1513 1288 1559 virum

326 1589 440 1635 Non
467 1587 640 1633 civium
667 1585 802 1630 ardor
827 1598 968 1642 prava
989 1580 1276 1641 jubentium,

392 1654 504 1701 Non
530 1652 684 1697 vultus
710 1648 929 1695 instantis
953 1646 1140 1707 tyranni

458 1719 623 1765 Mente
649 1716 799 1777 quatit
823 1713 990 1771 solida,
1015 1728 1169 1772 neque
1194 1712 1384 1767 Auster,

326 1787 439 1834 Dux
462 1784 661 1846 inquieti
681 1781 897 1828 turbidus
923 1778 1135 1836 Hadriae,

325 1853 434 1900 Nec
461 1849 754 1897 fulminantis
778 1861 952 1907 magna
976 1844 1105 1890 Jovis
1125 1858 1325 1889 manus:

395 1919 446 1964 Si
471 1918 647 1962 fractus
672 1914 887 1960 illabatur
911 1911 1053 1967 orbis,

460 1981 759 2043 Impavidum
785 1977 954 2023 ferient
978 1976 1141 2021 ruinae.

328 2051 440 2096 Hac
465 2058 562 2094 arte
588 2047 768 2102 Pollux,
795 2053 842 2089 et
866 2059 921 2087 va
923 2058 1011 2104 gus
1037 2040 1290 2099 Hercules,

328 2117 522 2171 Enisus‚
549 2128 681 2158 arces
706 2110 859 2171 attigit
884 2109 1076 2170 igneas:

394 2172 533 2231 Quos
554 2180 674 2225 inter
699 2178 949 2238 Augustus
974 2173 1259 2220 recumbens

461 2247 705 2307 Purpureo
730 2243 847 2288 bibit
870 2257 950 2287 ore
975 2249 1152 2286 nectar.

330 2314 440 2361 Hac
465 2323 510 2359 te
536 2320 815 2366 merentem,
843 2308 1034 2353 Bacche
1058 2315 1206 2368 pater,
1231 2314 1324 2351 tuae

329 2378 520 2427 Vexere
545 2379 706 2439 tigres,
733 2375 926 2421 indocili
948 2374 1116 2435 jugum

397 2446 531 2492 Collo
555 2444 808 2490 trahentes
869 2441 980 2485 Hac
1003 2439 1240 2488 Quirinus

465 2511 632 2556 Martis
667 2509 800 2569 equis
826 2507 1103 2552 Acheronta
1128 2504 1276 2566 fugit3

330 2577 530 2622 Gratum
555 2574 778 2634 eloquuta
803 2572 1184 2618 consiliantibus

332 2642 524 2688 Junone
551 2641 692 2684 divis:
731 2643 758 2661 “
776 2638 914 2693 Ilion,
941 2637 1064 2681 Ilion

400 2706 593 2763 Fatalis,
620 2705 921 2762 incestusque
943 2701 1108 2761 judex,

465 2772 527 2818 Et
551 2744 719 2816 niulier
744 2767 1008 2830 peregrina,
1035 2765 1170 2811 vertit

337 2840 395 2885 In
421 2839 678 2900 pulverem,
704 2852 759 2881 ex
786 2850 878 2895 quo
902 2832 1093 2878 destitui
1097 2843 1114 2876 t
1139 2832 1252 2877 deos

335 2905 562 2951 Mercede
585 2903 724 2964 pacta
750 2900 1038 2955 Laomedon,
1065 2898 1181 2943 mihi

402 2971 651 3030 Castaeque
677 2969 954 3013 damnatum
979 2964 1207 3010 Minervae

468 3035 593 3080 Cum
618 3034 788 3096 populo
811 3042 858 3078 et
882 3032 1003 3076 duce
1029 2999 1376 3088 fraudulento-J

336 3102 366 3149 J
370 3117 446 3148 am
469 3117 561 3147 nec
586 3100 803 3146 Lacaenae
829 3098 1045 3160 splendet
1069 3095 1292 3142 adulterae

1654 983 1716 1030 30

1668 2104 1726 2150 10

1666 2434 1727 2481 15

1661 2763 1727 2811 20
