1841 3349
614 103 666 150 Q.
696 100 940 142 HORATII
967 98 1173 140 FLACCI

751 285 891 342 ODE
915 284 1032 332 VII.

719 401 785 432 AD
810 400 1057 432 LICINIUM.

327 487 559 534 REc'rms
583 485 726 543 viveS‚
751 484 925 542 Licini,
951 499 1104 544 neque
1130 482 1275 528 altum

329 555 526 615 Semper
550 551 780 613 urgendo,
806 565 977 610 neque,
1004 549 1116 593 dum
1139 547 1370 609 procellas

328 619 511 666 Cautus
536 618 781 674 horresciS,
806 612 1008 660 nimium
1032 613 1292 675 premendo

659 682 815 728 Littus
851 681 1081 740 iniquum.

330 751 544 797 Auream
568 748 776 809 quisquis
802 746 1175 792 mediocritatem

331 816 515 878 Diligit,
540 824 670 861 tutus
693 822 822 859 caret
845 812 1041 858 obsoleti

332 882 561 929 Sordibus
585 880 715 937 tecti,
741 887 869 924 caret
893 876 1149 923 invidenda

664 944 860 990 Sobrius
886 943 1008 987 aula.

334 1010 527 1060 Saevius
540 1011 691 1057 ventis
717 1010 917 1071 agitatur
943 1008 1114 1069 ingens

332 1079 505 1126 Pinus:
543 1086 590 1124 et
614 1076 752 1122 celsae
778 1074 988 1137 graviore
1015 1088 1129 1119 casu

333 1145 579 1192 Decidunt
600 1152 775 1189 turres:
813 1141 1078 1200 seriumque
1104 1152 1312 1184 summos

666 1208 877 1269 Fulgura
900 1216 1098 1252 montes.

336 1278 505 1339 Sperat
528 1274 724 1332 infestis,
750 1273 917 1318 metuit
941 1270 1179 1329 secundis,

337 1343 551 1389 Alteram
576 1349 748 1387 sortem
773 1339 894 1384 bene
918 1345 1231 1399 praeparatum

336 1409 525 1456 Pectus.
584 1406 817 1452 Informes
842 1404 1022 1449 hiemes
1046 1402 1232 1449 reducit

667 1472 869 1533 Jupiter,
896 1470 1023 1515 idem

339 1541 609 1587 Submovet.
669 1536 800 1596 Non,
827 1537 865 1582 si
889 1533 1012 1582 male
1039 1550 1186 1592 nunc,
1211 1541 1258 1578 et
1280 1531 1391 1578 olim

339 1608 421 1654 Sic
445 1606 559 1653 erit:
596 1604 832 1666 quondam
858 1601 1040 1648 cithara
1064 1610 1302 1646 tacentem

340 1673 548 1720 Suscitat
573 1671 780 1727 Musam,
805 1684 960 1728 neque
985 1682 1168 1728 semper
1194 1679 1356 1712 arcum

669 1735 866 1792 Tendit,
893 1732 1079 1794 Apollo‚

339 1804 509 1852 Rebus
534 1802 746 1864 angustis
771 1800 1010 1847 animosus
1035 1806 1174 1858 atque

339 1869 496 1917 Fortis
521 1883 718 1931 appare:
756 1866 989 1926 sapienter
1014 1864 1142 1909 idem

341 1935 606 1984 Contrahes
630 1942 768 1979 vento
792 1927 995 1976 nimium
1019 1927 1229 1975 secundo

673 1997 891 2058 Turgida
916 1995 1032 2041 vela.

755 2259 893 2306 ODE
929 2256 1071 2304 VIII.

711 2374 776 2404 AD
802 2371 1102 2408 QUINCTIUM.

347 2462 488 2512 Qum
512 2459 764 2506 bellicosus
788 2455 1044 2511 Cantaber,
1069 2462 1116 2498 et
1141 2452 1357 2513 Scythes,

351 2526 554 2588 Hirpine
578 2523 800 2580 Quincti,
826 2521 1016 2582 cogitet,
1043 2519 1227 2564 Hadria

418 2592 609 2639 Divisus
633 2589 833 2650 objecto,
858 2586 1067 2632 remittas

482 2657 715 2706 Quaerere
738 2671 746 2699 :
784 2668 875 2699 nec
897 2652 1102 2712 trepides
1127 2650 1175 2695 in
1200 2663 1339 2695 usum
1418 2685 1431 2698 .

354 2722 600 2769 Poscentis
625 2720 709 2765 aevi
733 2734 898 2780 pauca.
958 2716 1102 2777 Fugit
1125 2723 1248 2760 retro

281 2804 283 2806 ·
353 2788 494 2835 Levis
518 2787 760 2842 Juventas‚
786 2793 832 2829 et
856 2783 1028 2840 Decor,
1054 2779 1185 2826 arida

421 2852 632 2899 Pellente
657 2850 853 2894 lascivos
880 2849 1080 2894 Amores

489 2915 694 2972 Canitie,
721 2914 1000 2974 facilemque
1027 2912 1271 2957 Somnum.

358 2983 471 3030 Non
496 2996 678 3042 semper
704 2980 828 3025 idem
853 2978 1042 3024 floribus
1061 2984 1132 3022 est
1157 2976 1303 3021 honor

359 3049 532 3096 Vernis
552 3065 562 3105 3
599 3061 752 3107 neque
777 3060 873 3091 uno
898 3044 1034 3089 Luna
1057 3041 1231 3088 rubens
1255 3040 1375 3087 nitet

1666 1069 1723 1116 10

1668 1398 1726 1446 15

1663 1726 1729 1772 20

1683 3037 1742 3084 10
