1841 3349
640 153 695 200 Q.
722 153 969 193 vHORATII
996 150 1203 192 FLACCI

341 323 348 330 ,
422 272 652 320 Narratur
677 280 724 317 et
745 272 888 333 prisci
912 270 1108 317 Catonis

489 335 627 398 Saepe
654 353 783 384 mero
806 337 1007 382 caluisse
1032 337 1191 381 virtus,

359 404 440 451 Tu
465 404 572 449 lene
596 412 882 448 tormentum
908 402 1100 462 ingenio
1125 401 1345 446 admoves

357 467 641 528 Plerumque
666 469 806 513 duro:
842 476 893 512 tu
919 466 1202 526 sapientium

424 535 576 581 Curas
599 541 646 578 et
670 548 895 577 arcanum
917 531 1080 591 jocoso

491 598 756 645 Consilium
782 597 954 656 retegis
979 596 1153 655 Lyaeo:

361 665 441 710 Tu
467 679 598 724 spem
622 663 812 708 reducis
836 661 1074 707 mentibus
1099 659 1251 705 anxiis

359 731 617 789 Viresque3
655 737 702 773 et
725 728 859 772 addis
885 742 1062 772 cornua
1085 724 1296 786 pauperi,

425 795 536 840 Post
560 803 605 839 te
631 809 783 853 neque
808 793 949 838 iratos
968 791 1188 837 trementi

491 859 684 920 Regum
710 859 883 919 apices,
910 873 1063 917 neque
1088 857 1289 901 militum
1316 870 1461 903 arma.

360 924 436 970 Te
462 924 620 981 Liber,
646 933 708 980 et,
735 924 773 968 si
799 924 904 968 laeta
928 923 1092 978 aderit,
1121 922 1303 980 Venus,

362 990 636 1050 Segnesque
662 988 837 1033 nodum
863 988 1040 1033 solvere
1065 987 1257 1045 Gratiae,

428 1055 652 1114 Vivaeque
677 1055 941 1114 producent
964 1053 1186 1109 lucernae,

495 1119 622 1165 Dum
647 1119 836 1165 rediens
862 1119 992 1181 fugat
1016 1127 1139 1165 astra
1162 1117 1383 1164 Phoebus.

775 1378 914 1425 ODE
950 1379 1087 1425 XVI.

775 1494 840 1524 AD
865 1494 1078 1525 DIANAM.

364 1579 618 1626 MoN'rmM
642 1587 799 1623 custos
830 1591 1186 1636 nemorumque,
1211 1576 1359 1637 virgo,

361 1645 488 1694 Quae
513 1643 779 1689 laborantes
803 1652 936 1688 utero
961 1641 1140 1702 puellas

364 1710 464 1756 Ter
488 1718 652 1754 vocata
676 1709 826 1764 audis,
853 1707 1111 1766 adimisque
1135 1706 1247 1764 leto,

694 1773 814 1818 Diva
839 1772 1087 1826 triformis;

366 1839 629 1886 Imminens
654 1839 772 1883 villae
799 1847 878 1883 tua
901 1837 1041 1897 pinus
1066 1844 1180 1893 esto,

362 1905 523 1954 Quam
550 1921 632 1965 per
657 1913 846 1949 exactos
870 1918 958 1956 ego
982 1902 1116 1946 laetus
1141 1915 1291 1947 annos

367 1969 530 2017 Verris
552 1970 794 2029 obliquum
819 1967 1091 2013 meditantis
1115 1966 1262 2012 ictum

699 2034 954 2094 Sanguine·
968 2034 1156 2078 donem.

764 2288 903 2334 ODE
937 2287 1107 2334 XVII.

751 2404 816 2433 AD
842 2402 904 2432 PH
910 2401 1058 2431 IDYLE
1065 2401 1111 2431 N.

369 2489 523 2536 COELo
548 2488 739 2548 supinas
764 2486 802 2531 si
827 2484 988 2530 tuleris
1013 2500 1182 2529 manus

370 2554 416 2601 N
423 2563 613 2600 ascente
639 2552 792 2609 Luna,
818 2551 992 2596 rustica
1016 2549 1232 2610 Phidyle,

436 2620 487 2665 Si
514 2620 649 2664 thure
673 2617 876 2678 placaris
901 2624 947 2660 et
972 2615 1120 2660 horna

502 2684 658 2743 Fruge
684 2683 844 2738 Lares,
871 2680 1097 2740 avidaque
1123 2679 1289 2740 porca3

372 2749 476 2795 Nec
499 2749 796 2809 pestilentem
823 2746 993 2791 sentiet
1017 2745 1234 2788 Africum

374 2813 620 2859 Foecunda
646 2814 766 2869 vitis,
791 2827 881 2857 nec
907 2809 1109 2855 sterilem
1137 2823 1273 2868 seges

436 2878 745 2938 Rubiginem,
771 2887 851 2921 aut
876 2875 1038 2920 dulces
1063 2873 1239 2918 alumni

335 2998 338 3000 v
502 2942 735 2987 Pornil'oro
759 2957 897 2999 grave
924 2951 1107 2999 tempus
1132 2954 1271 2987 anno.

374 3006 516 3062 Nam,
541 3023 642 3066 quae
669 3007 807 3050 nivali
834 3005 1037 3065 pascitur
1065 3004 1240 3064 Algido

377 3072 551 3118 Devota
575 3087 776 3132 quercus
801 3071 918 3115 inter
943 3080 990 3115 et
1015 3069 1163 3126 ilices,

1683 529 1745 577 15

1680 854 1747 902 20

1694 3068 1753 3114 10
