1841 3349
607 179 939 222 CARMINUM
968 177 1078 216 LIB.
1109 177 1144 216 Ι.

313 305 462 358 Quod
486 303 608 350 latus
631 299 797 357 mundi
821 296 1008 344 nebulae
1032 295 1277 356 malusque

641 366 828 428 Jupiter
853 371 1018 424 urget3

313 438 444 485 Pone
468 434 555 481 sub
579 439 720 480 cu'rru
744 427 947 477 nimihm
970 426 1220 490 propinqui

315 503 454 560 Solis,
479 501 528 547 in
552 499 677 546 terra
701 496 919 544 domibus
943 494 1117 555 negata
1138 509 1148 538 :

314 565 471 616 Dulce
496 566 729 613 ridentem
755 562 965 622 Lalagen
990 559 1173 618 amabo,

644 628 800 677 Dulce
825 629 1110 689 loquentem.

741 891 881 938 ODE
905 890 1021 936 XX.

696 1007 762 1037 AD
799 1005 1076 1036 VIRGILIUM.

323 1096 456 1147 QUIS
481 1091 714 1139 desiderio
737 1091 796 1135 sit
818 1090 968 1151 pudor
993 1097 1073 1134 aut
1096 1087 1264 1133 modus

324 1162 452 1209 Tam
476 1160 574 1206 cari
598 1157 797 1218 capitis?
855 1155 1066 1216 Praecipe
1090 1153 1313 1215 lugubres

324 1228 521 1284 Cantus,
548 1223 865 1284 Melpomene,
891 1222 969 1267 cui
993 1221 1218 1282 liquidam
1242 1220 1381 1266 Pater

457 1292 639 1338 Vocem
663 1305 772 1334 cum
799 1287 981 1334 cithara>
1005 1287 1148 1333 dedit.

326 1360 456 1422 Ergo
478 1355 800 1407 Quinctilium
823 1363 1077 1415 perpetuus
1103 1368 1237 1413 sopor

327 1425 502 1488 Urget!
541 1423 619 1469 cui
644 1421 818 1479 Pudor,
844 1428 890 1466 et
915 1419 943 1464 J
948 1419 1119 1466 ustitiae
1145 1434 1273 1464 soror

320 1488 610 1551 vIncorrupta
633 1487 795 1546 Fides,
820 1487 1040 1547 nudaque
1065 1484 1272 1544 Veritas,

457 1555 669 1606 Quando
693 1554 840 1599 ullum
867 1553 1074 1599 inveniet
1096 1551 1292 1613 parem'l

328 1623 494 1670 Multis
519 1622 595 1667 ille
620 1621 756 1667 bonis
781 1620 949 1665 flebilis
972 1618 1175 1672 occidit3

331 1689 467 1736 Nulli
492 1687 686 1734 flebilior
711 1685 854 1747 quam
878 1685 979 1743 tibi,
1005 1683 1189 1745 Virgili.

330 1756 413 1803 Tu
437 1751 609 1801 frustra
631 1753 754 1814 pius,
783 1753 902 1798 heu!
941 1767 1038 1796 non
1064 1751 1128 1796 ita
1152 1747 1385 1795 creditum

462 1820 625 1867 Poscis
648 1816 970 1867 Quinctilium
994 1817 1121 1863 deos.

331 1885 481 1939 Quod
505 1886 544 1932 si
568 1884 799 1931 Threicio
824 1880 1046 1929 blandius
1069 1882 1265 1943 Orpheo

335 1954 564 2000 Auditam
588 1951 832 1996 moderere
858 1949 1100 1995 arboribus
1124 1948 1284 2005 fidem,

336 2018 450 2066 Non
473 2032 605 2062 vanae
630 2016 792 2061 redeat
815 2014 1007 2075 sanguis
1031 2012 1228 2074 imagini
1351 2018 1353 2020 ’

470 2083 632 2132 Quam
658 2080 789 2141 virga
813 2080 958 2125 semel
985 2078 1191 2136 horrida,

335 2150 449 2197 Non
472 2148 592 2194 lenis
615 2147 835 2208 precibus
861 2146 954 2191 fata
978 2145 1240 2203 recludere,

336 2215 490 2277 Nigro
514 2212 792 2274 compulerit
817 2211 1085 2258 Mercurius
1109 2210 1255 2272 gregi.

337 2282 524 2329 Durum
546 2280 555 2326 l
594 2279 692 2332 Sed
717 2279 868 2324 levius
892 2277 942 2323 fit
966 2276 1195 2339 patientia

468 2345 719 2407 Quidquid
743 2345 978 2407 corrigere
1002 2352 1073 2390 est
1096 2342 1242 2389 nefas.

758 2605 899 2653 ODE
923 2605 1067 2652 xxi,
1148 2665 1164 2674 χ

686 2719 752 2751 DE
790 2718 919 2749 AELIO
953 2718 1124 2748 LAMIA.

348 2806 510 2855 Mus1s
535 2804 731 2861 amicus,
755 2802 991 2849 tristitiam
1015 2810 1062 2847 et
1086 2808 1239 2846 metus

339 2873 560 2921 ,Tradam
583 2869 809 2932 protervis
834 2869 881 2913 in
906 2883 1033 2913 mare
1059 2866 1302 2914 Creticum

414 2939 606 2985 Portare
629 2936 807 2983 ventis:
844 2933 948 2995 quis
973 2934 1059 2979 sub
1084 2934 1233 2980 Arcto

482 3004 594 3050 Rex
616 3003 784 3065 gelidae
809 3008 1042 3046 metuatur
1065 3014 1174 3057 orae,

350 3069 486 3120 Quid
510 3069 772 3115 Teridaten
796 3075 983 3123 terreat,
1008 3063 1150 3111 unice

356 3137 578 3183 Securus
647 3134 710 3193 O,
734 3149 837 3195 quae
863 3133 1069 3179 fontibus
1094 3130 1289 3192 integris

1630 172 1694 220 15

1631 355 1699 403 20

1656 1680 1717 1726 [0

1656 2012 1718 2059 15

1658 2337 1726 2386 20
