1841 3349
420 449 498 525 Q.
569 438 1030 509 HORATII
1100 438 1503 511 F'LACCI

686 653 830 705 ARS
894 653 1241 706 POETICA.
1416 647 1436 655 ⁸

809 1062 873 1091 AD
894 1060 1111 1107 Prsoan.

208 1147 434 1193 Hammo
453 1145 594 1207 capiti
620 1145 852 1191 cervicem
872 1145 1020 1206 pictor
1036 1145 1258 1205 equinam

206 1212 418 1274 Iungere
443 1212 478 1257 si
507 1212 628 1268 velit,
653 1222 700 1256 et
724 1212 872 1256 varias
898 1211 1124 1256 inducere
1148 1210 1332 1271 plumas

207 1279 426 1338 Undique
452 1278 633 1323 collatis
661 1277 897 1334 membris,
924 1286 973 1321 ut
999 1276 1192 1337 turpiter
1218 1286 1369 1322 atrum

206 1345 406 1391 Desinat
432 1344 477 1388 in
505 1343 681 1403 piscem
709 1343 875 1388 mulier
902 1342 1102 1387 formosa
1122 1340 1343 1403 superne,

207 1410 483 1471 Spectatum
509 1409 699 1458 admissi
726 1408 868 1453 risum
894 1407 1110 1464 teneatiS,
1138 1408 1317 1453 amici?
1757 1411 1788 1456 5

206 1474 417 1532 Credite,
444 1474 654 1531 Pisones,
676 1474 750 1519 isti
766 1474 936 1519 tabulae
964 1473 1059 1518 fore
1080 1472 1249 1518 librum

207 1540 515 1598 persimilem,
541 1539 691 1600 cujus,
717 1539 840 1584 velut
866 1539 975 1600 {egri
1002 1538 1198 1596 somnia,
1223 1554 1353 1584 vanae

205 1606 470 1668 Fingentur
497 1606 704 1666 speeies3
742 1615 792 1650 ut
817 1620 906 1650 nec
930 1620 1027 1665 peS,
1054 1619 1144 1648 nec
1169 1614 1309 1665 caput
1333 1605 1415 1650 uni

207 1673 456 1720 Reddatur
483 1670 991 1717 finmae—Pietoribus
1017 1678 1154 1730 atque
1179 1670 1332 1730 poetis

205 1738 458 1789 Quidlibet
482 1738 687 1782 audendi
713 1752 895 1797 semper
916 1737 1007 1781 fuit
1027 1751 1152 1795 aequa
1175 1745 1460 1795 potestas.--
1730 1737 1790 1783 10

207 1804 414 1861 Scimus,
440 1812 487 1849 et
510 1804 633 1848 hanc
655 1803 836 1848 veniam
862 1803 1154 1864 petimusque
1180 1801 1437 1862 damusque
1462 1801 1693 1859 vicissim;

209 1871 306 1917 Sed
331 1886 425 1916 non
451 1878 502 1914 ut
524 1869 723 1929 placidis
747 1872 920 1914 coeant
945 1868 1167 1923 immitia3
1205 1883 1300 1913 non
1325 1876 1376 1913 ut

211 1937 466 1997 Serpentes
491 1935 652 1980 avibus
677 1934 992 1995 geminentur,
1017 1933 1217 1994 tigribus
1238 1932 1361 1994 agni.

275 2000 485 2063 Inceptis
510 2002 728 2062 gravibus
752 1998 1025 2061 plerumque
1050 2008 1097 2044 et
1121 2014 1292 2060 magna
1309 1999 1530 2059 professis

210 2068 496 2128 Purpureus,
522 2065 614 2111 late
642 2066 721 2126 qui
747 2067 1007 2126 splendeat,
1035 2081 1157 2110 unus
1182 2073 1228 2110 et
1254 2064 1369 2110 alter
1731 2066 1790 2111 15

215 2133 432 2180 Assuitur
456 2147 642 2192 pannus
663 2148 672 2187 ;
710 2147 853 2191 quum
878 2132 1013 2176 lucus
1037 2140 1083 2175 et
1108 2146 1187 2176 ara
1212 2129 1396 2187 Dianae,

211 2197 272 2244 Et
295 2197 586 2259 properantis
613 2212 743 2257 aquae
768 2212 849 2257 per
875 2212 1084 2241 amoenos
1108 2195 1310 2240 ambitus
1334 2210 1484 2256 agros,

213 2264 312 2310 Aut
335 2262 510 2308 flumen
536 2262 781 2318 Rhenum,
807 2271 886 2306 aut
904 2261 1087 2322 pluvius
1111 2261 1393 2305 describitur
1418 2275 1557 2306 arcus
1578 2277 1586 2305 :

212 2329 308 2375 Sed
333 2344 462 2374 nunc
487 2343 581 2373 non
605 2336 705 2373 erat
729 2326 800 2372 his
825 2327 970 2371 locus.
1042 2325 1101 2370 Et
1129 2324 1319 2371 fortasse
1340 2339 1613 2384 cupressum

213 2395 320 2441 Scis
344 2394 564 2439 simulare
586 2409 595 2438 :
631 2392 744 2453 quid
770 2393 876 2449 hoc,
902 2392 940 2436 si
966 2390 1123 2436 fractis
1147 2399 1305 2436 enatat
1329 2405 1494 2450 exspes
1724 2390 1791 2435 20

211 2459 441 2517 Navibus,
467 2474 557 2504 aere
577 2459 685 2504 dato
705 2458 785 2518 qui
809 2457 1049 2518 pingitur?
1088 2454 1326 2516 Amphora
1353 2455 1496 2517 coepit

212 2525 430 2582 Institui;
468 2533 686 2570 currente
711 2523 812 2569 rota
838 2539 920 2568 cur
942 2537 1111 2567 urceus
1135 2521 1265 2567 exit?

213 2591 430 2651 Denique
456 2589 529 2647 sit,
554 2590 678 2650 quod
699 2589 782 2646 viS,
807 2588 1005 2650 simplex
1028 2587 1255 2632 duntaxat
1277 2594 1324 2632 et
1343 2601 1504 2632 unum.

278 2655 490 2701 Maxima
512 2671 619 2716 pars
643 2663 815 2711 vatum,
840 2663 987 2715 pater,
1013 2662 1057 2698 et
1078 2651 1275 2713 juvenes
1299 2660 1429 2712 patre
1453 2651 1603 2714 digni,

214 2719 490 2781 Decipimur
515 2721 672 2781 specie
697 2721 812 2765 recti
833 2736 841 2764 :
883 2718 1160 2770 brevisesse
1184 2717 1360 2771 laboro,
1723 2715 1790 2762 25

212 2783 459 2832 Obscurus
483 2785 569 2831 fio:
608 2796 865 2831 sectantem
893 2786 1012 2830 levia
1036 2783 1170 2828 nervi>
1376 2842 1379 2844 .

214 2849 456 2896 Deficiunt
481 2851 742 2911 animique:
778 2850 1013 2912 professus
1036 2847 1234 2909 grandia
1257 2855 1438 2909 turget:

215 2914 372 2976 Serpit
396 2915 525 2959 humi
550 2923 675 2960 tutus
699 2913 899 2961 nimium
924 2914 1207 2972 timidusque
1230 2913 1461 2973 procellae.

211 2979 315 3031 Qui
339 2979 516 3026 variare
540 2980 670 3039 cupit
693 2996 790 3025 rem
815 2977 1130 3040 prodigialiter
1155 2993 1314 3036 unam,

217 3039 509 3107 Delphinum
534 3043 661 3089 silvis
686 3045 911 3105 appingit,
938 3043 1158 3089 fluctibus
1182 3058 1359 3104 aprum.
1724 3040 1789 3087 3⁰

217 3109 278 3157 In
301 3110 463 3156 vitium
487 3109 620 3156 ducit
641 3109 793 3171 culpae
819 3109 944 3170 fuga,
969 3109 1008 3154 si
1032 3117 1160 3154 caret
1183 3116 1295 3154 arte.
