1841 3349
634 156 967 203 CARMINUM
995 153 1104 195 LIB.
1135 152 1170 192 1.

694 342 837 390 ODE
877 337 1095 387 XXVII.

765 457 831 487 AD
855 452 1040 486 LYRAM.

343 548 604 595 Poscnsma
619 577 630 588 .
648 577 658 587 .
678 577 687 587 .
704 540 743 586 si
767 538 880 600 quid
903 535 1040 582 vacui
1065 533 1152 579 sub
1175 528 1344 577 umbra

340 612 563 660 Lusimus
585 617 761 663 tecum,
788 603 913 665 quod
937 611 984 648 et
1008 602 1136 646 hunc
1160 598 1210 644 in
1233 608 1413 642 annum

342 679 499 736 Vivat,
524 684 571 721 et
592 674 774 735 plures3
814 685 918 730 age,
944 668 1022 712 dic
1046 665 1288 720 Latinum,

605 736 811 792 Barbite‚
836 748 1046 792 carmen,

345 808 518 856 Lesbio
535 801 740 868 primum
767 799 1004 846 modulate
1032 796 1145 854 civi;

343 874 446 925 Qui
471 873 601 918 ferox
622 869 762 925 bello,
786 876 946 912 tamen
970 863 1091 908 inter
1118 875 1264 918 arma,

346 941 455 988 Sive
475 939 697 1000 jactatam
722 933 943 993 religarat
966 929 1060 974 udo

465 1054 467 1056 ,
609 1001 787 1047 Littore
812 996 985 1053 navim,

349 1071 590 1126 Liberum,
616 1075 663 1112 et
686 1064 868 1121 Musas,
893 1061 1242 1118 Veneremque,
1266 1064 1314 1103 et
1337 1053 1404 1102 illi

351 1139 547 1197 Semper
571 1134 829 1178 haerentem
854 1129 1076 1184 Puerum,
1102 1123 1318 1182 canebat,

348 1203 411 1250 Et
434 1202 617 1262 Lycum
641 1196 789 1257 nigris
813 1193 964 1240 oculis
985 1192 1218 1252 nigroque

613 1262 758 1308 Crine
783 1261 1022 1306 decorum.
1084 1292 1091 1296 <

350 1334 397 1381 O
422 1334 569 1379 decus
593 1328 777 1386 Phoebi,
803 1335 850 1372 et
876 1324 1074 1386 dapibus
1098 1319 1306 1383 supremi

351 1401 499 1447 Grata
522 1395 707 1443 testudo
732 1392 879 1450 Jovis,
905 1407 933 1437 ο
956 1389 1170 1435 laborum

351 1465 507 1513 Dulce
530 1462 756 1518 lenimen,
782 1457 899 1504 mihi
923 1470 1113 1516 cunque
1137 1451 1264 1500 salve

617 1524 733 1574 Rite
759 1522 971 1572 vocanti!

703 1785 844 1834 ODE
879 1759 1128 1830 XXVIII.

767 1900 833 1931 AD
859 1897 1085 1929 SEIPSUM.

361 1993 556 2039 PARcus
583 1987 778 2031 deorum
802 1981 966 2037 cultor,
992 1987 1039 2025 et
1062 1977 1352 2038 infrequens,

361 2051 650 2104 Insanientis
675 2050 787 2094 dum
812 2044 1054 2107 sapientiae

359 2123 367 2127 i
426 2117 685 2168 Consultus
709 2129 812 2160 erro
829 2129 839 2169 ;
877 2125 1008 2157 nunc
1032 2104 1288 2157 retrorsum

492 2183 615 2231 Vela
637 2182 765 2238 dare,
790 2188 929 2238 atque
948 2177 1117 2222 iterare
1141 2189 1308 2220 cursus

364 2254 521 2314 Cogor
545 2248 746 2296 relictos.
818 2243 1040 2303 Namque
1066 2240 1320 2302 Diespiter,

362 2319 472 2383 Igni
496 2330 693 2363 corusco
716 2310 878 2357 nubila
902 2309 1116 2354 dividens

428 2379 729 2441 Plerumque,
754 2393 836 2439 per
860 2391 1030 2437 purum
1054 2380 1274 2420 tonantes

495 2448 608 2509 Egit
630 2460 790 2506 equOS,
815 2442 1144 2500 volucremque
1169 2451 1388 2484 currum:

364 2516 480 2564 Quo
503 2515 640 2559 bruta
663 2510 816 2567 tellus,
842 2518 890 2554 et
914 2522 1032 2568 vaga
1056 2504 1266 2562 flumina,

366 2581 482 2631 Quo
507 2579 640 2638 Styx,
664 2585 712 2622 et
736 2575 873 2621 invisi
898 2572 1088 2619 horrida
1111 2567 1306 2615 Taenari

438 2645 604 2700 SedeS,
631 2641 976 2696 Atlanteusque
1000 2636 1107 2682 finis

500 2706 796 2755 Concutitur.
855 2701 996 2748 Valet
1019 2701 1114 2746 ima
1137 2698 1332 2745 summis

368 2775 574 2833 Mutare,
599 2782 647 2820 et
670 2769 875 2831 insignia
899 2774 1110 2813 attenuat
1132 2764 1280 2823 Deus,

370 2843 589 2891 Obscura
611 2851 858 2901 promens:
895 2833 1007 2879 hinc
1031 2831 1214 2894 apicem
1238 2844 1401 2892 rapax.
1450 2863 1453 2870 .

434 2907 648 2954 Fortuna
670 2918 780 2950 cum
804 2900 1000 2947 stridore
1025 2905 1164 2944 acuto
1226 2940 1229 2942 .

501 2971 727 3027 Sustulit3
764 2966 845 3016 hic
865 2964 1076 3029 posuisse
1098 2962 1289 3028 gaudet.

1656 143 1718 191 19

1674 1114 1735 1162 10

1679 1443 1740 1491 15

1692 2562 1753 2610 10

1691 2887 1756 2937 15
