1841 3349
617 161 955 204 CARMINUM
985 162 1094 203 LIB.
1124 163 1183 204 11.

763 347 903 395 ODE
939 348 1033 396 ΙΙΙ.

732 462 798 492 AD
824 462 1064 494 DELLIUM.

336 546 544 596 AEQUAM
569 555 809 592 memento
832 546 972 591 rebus
997 546 1046 591 in
1071 545 1230 591 arduis

336 615 533 660 Servare
559 621 784 670 mentem,
809 628 905 657 non
931 609 1070 658 secus
1095 613 1143 658 in
1169 610 1305 659 bonis

401 679 479 725 Ab
504 677 725 723 insolenti
749 687 1058 738 temperatam

466 743 670 801 Laetitia,
696 743 919 788 moriture
945 743 1088 801 Delli,

336 811 433 857 Seu
459 818 654 861 moestus
678 809 806 854 omni
831 818 1040 870 tempore
1065 807 1253 867 vixeris,

335 878 432 923 Seu
455 885 502 921 te
526 876 575 922 in
599 884 779 921 remoto
802 875 1016 936 gramine
1040 891 1122 936 per
1147 874 1250 921 dies

401 942 569 988 Festos
591 941 873 987 reclinatum
899 941 1055 986 bearis

467 1007 698 1053 Interiore
725 1007 837 1052 nota
862 1006 1070 1064 Falerni,

333 1074 450 1124 Qua
474 1074 615 1135 pinus
640 1074 812 1134 ingens
837 1073 1032 1133 albaque
1055 1071 1257 1132 populus

332 1140 560 1187 Umbram
586 1139 863 1200 hospitalem
890 1138 1163 1184 consociare
1188 1145 1350 1184 amant

401 1205 587 1262 Ramis,
612 1206 703 1264 qua
731 1213 778 1250 et
802 1205 988 1264 obliquo
1012 1204 1192 1249 laborat

484 1270 701 1332 Lympha
726 1270 869 1331 fugax
892 1270 1126 1331 trepidare
1151 1269 1264 1315 rivo.

335 1337 450 1383 Huc
475 1337 600 1394 vina,
626 1345 673 1382 et
697 1346 958 1397 unguenta,
984 1344 1030 1381 et
1054 1332 1256 1381 nimium
1281 1332 1435 1381 brevis

336 1403 501 1449 Flores
526 1418 737 1448 amoenos
762 1402 882 1448 ferre
903 1403 1017 1464 jube
1042 1416 1177 1459 rosae,

402 1469 532 1514 Dum
557 1484 647 1526 reS,
673 1478 720 1514 et
745 1478 872 1527 aetas,
898 1477 945 1515 et
971 1469 1195 1515 Sororum

468 1534 575 1581 Fila
597 1535 741 1581 trium
765 1535 1007 1596 patiuntur
1033 1543 1146 1580 atra.

334 1600 492 1647 Cedes
517 1601 749 1661 coemptis
774 1601 985 1658 saltibus,
1011 1609 1058 1645 et
1083 1601 1238 1659 domo,

333 1667 553 1727 Villaque
578 1666 724 1712 flavus
748 1682 889 1727 quam
914 1666 1107 1712 Tiberis
1130 1665 1272 1713 lavit:

400 1733 557 1779 Cecles
577 1749 587 1788 3
625 1741 672 1778 et
695 1733 947 1778 exstructis
971 1732 1019 1777 in
1044 1732 1191 1777 altum

465 1798 656 1844 Divitiis
679 1799 883 1860 potietur
909 1799 1072 1844 haeres.

333 1864 558 1922 Divesne‚
583 1864 741 1925 prisco
766 1874 904 1910 natus
930 1865 989 1910 ab
1014 1863 1215 1922 Inacho,

334 1930 418 1976 Nil
443 1931 653 1987 interest,
680 1946 739 1974 an
766 1946 961 1990 pauper,
986 1938 1033 1974 et
1057 1929 1223 1975 infima

400 1995 475 2041 De
500 2004 658 2056 gente,
685 1995 772 2039 sub
797 1995 903 2041 divo
927 1995 1140 2053 moreris,

470 2061 679 2107 Victima
703 2060 769 2105 nil
795 2061 1063 2106 miserantis
1087 2059 1220 2107 Orci.

335 2126 519 2172 Omnes
544 2123 716 2172 eodem
741 2127 982 2187 cogimur:
1020 2126 1236 2172 omnium

334 2192 563 2239 Versatur
586 2208 732 2249 urna3
770 2191 921 2238 serius
945 2190 1081 2239 ocius

401 2259 516 2305 Sors
538 2258 737 2316 exitura,
763 2267 810 2305 et
834 2275 920 2304 nos
945 2259 993 2304 in
1020 2267 1252 2304 aeternum

466 2323 698 2371 Exsilium
724 2325 1001 2386 impositura
1025 2324 1223 2387 cymbae.

771 2585 911 2631 ODE
946 2586 1034 2633 IV.

712 2697 775 2728 AD
800 2698 1098 2731 SEPTIMIUM.

334 2783 566 2840 SEP'rnvn,
591 2781 751 2828 Gades
776 2780 957 2826 aditure
982 2797 1188 2841 mecum,
1213 2791 1262 2831 et

332 2849 629 2896 Cantabrum
654 2847 899 2893 indoctum
922 2847 1037 2909 juga
1061 2848 1182 2896 ferre
1206 2857 1383 2911 nostra,
1405 2857 1456 2898 et

333 2914 565 2962 Barbaras
590 2915 767 2975 Syrtes,
793 2913 874 2958 ubi
899 2912 1070 2960 Maura
1093 2931 1279 2978 semper

600 2980 792 3026 AEstuat
816 2980 972 3026 unda:

335 3045 509 3105 Tibur,
535 3046 696 3107 Argeo
719 3046 925 3107 positum
949 3046 1133 3106 colono,

340 3113 414 3160 Sit
435 3127 555 3158 meae
580 3112 718 3159 sedes
741 3112 924 3159 utinam
949 3113 1182 3160 senectae!

474 3179 507 3225 3

1672 1135 1734 1183 10

1672 1465 1733 1513 15

1668 1795 1738 1844 20
