<?xml version="1.0" encoding="UTF-8"?>
<!DOCTYPE html PUBLIC "-//W3C//DTD XHTML 1.0 Transitional//EN"
    "http://www.w3.org/TR/xhtml1/DTD/xhtml1-transitional.dtd">
<html xmlns="http://www.w3.org/1999/xhtml" xml:lang="en" lang="en">
 <head>
  <title>
</title>
<meta http-equiv="Content-Type" content="text/html;charset=utf-8" />
  <meta name='ocr-system' content='tesseract 3.04.00' />
  <meta name='ocr-capabilities' content='ocr_page ocr_carea ocr_par ocr_line ocrx_word'/>
</head>
<body>
  <div class='ocr_page' id='page_1' title='image "./quintihoratiifla00hora_0050.png"; bbox 0 0 1841 3349; ppageno 0'>
   <div class='ocr_carea' id='block_1_1' title="bbox 641 130 1200 178">
    <p class='ocr_par' dir='ltr' id='par_1_1' title="bbox 641 130 1200 178">
     <span class='ocr_line' id='line_1_1' title="bbox 641 130 1200 178; baseline -0.004 -7"><span class='ocrx_word' id='word_1_1' title='bbox 641 133 690 178; x_wconf 84' lang='lat' dir='ltr'>Q.</span> <span class='ocrx_word' id='word_1_2' title='bbox 721 131 963 171; x_wconf 84' lang='lat' dir='ltr'><strong>HORATII</strong></span> <span class='ocrx_word' id='word_1_3' title='bbox 993 130 1200 170; x_wconf 87' lang='lat' dir='ltr'>FLACCI</span> 
     </span>
    </p>
   </div>
   <div class='ocr_carea' id='block_1_2' title="bbox 362 249 1437 1811">
    <p class='ocr_par' dir='ltr' id='par_1_2' title="bbox 362 249 1437 1811">
     <span class='ocr_line' id='line_1_2' title="bbox 509 249 1381 312; baseline -0.001 -16"><span class='ocrx_word' id='word_1_4' title='bbox 509 249 573 297; x_wconf 92' lang='lat' dir='ltr'>Et</span> <span class='ocrx_word' id='word_1_5' title='bbox 597 250 877 312; x_wconf 83' lang='lat' dir='ltr'>Scythicum</span> <span class='ocrx_word' id='word_1_6' title='bbox 902 249 1152 296; x_wconf 83' lang='lat' dir='ltr'>inviolatus</span> <span class='ocrx_word' id='word_1_7' title='bbox 1176 263 1381 295; x_wconf 85' lang='lat' dir='ltr'>amnem.</span> 
     </span>
     <span class='ocr_line' id='line_1_3' title="bbox 379 314 1286 372; baseline -0.003 -9"><span class='ocrx_word' id='word_1_8' title='bbox 379 316 480 363; x_wconf 89' lang='lat' dir='ltr'>Vos</span> <span class='ocrx_word' id='word_1_9' title='bbox 503 315 742 362; x_wconf 85' lang='lat' dir='ltr'>Caesarem</span> <span class='ocrx_word' id='word_1_10' title='bbox 768 316 930 372; x_wconf 84' lang='lat' dir='ltr'>altum,</span> <span class='ocrx_word' id='word_1_11' title='bbox 956 315 1122 360; x_wconf 76' lang='lat' dir='ltr'>militia</span> <span class='ocrx_word' id='word_1_12' title='bbox 1147 314 1286 360; x_wconf 84' lang='lat' dir='ltr'>simul</span> 
     </span>
     <span class='ocr_line' id='line_1_4' title="bbox 379 380 1220 440; baseline -0.004 -12"><span class='ocrx_word' id='word_1_13' title='bbox 379 381 550 428; x_wconf 85' lang='lat' dir='ltr'>Fessas</span> <span class='ocrx_word' id='word_1_14' title='bbox 574 382 790 428; x_wconf 82' lang='lat' dir='ltr'>cohortes</span> <span class='ocrx_word' id='word_1_15' title='bbox 815 381 994 426; x_wconf 76' lang='lat' dir='ltr'>abdidit</span> <span class='ocrx_word' id='word_1_16' title='bbox 1018 380 1220 440; x_wconf 86' lang='lat' dir='ltr'>oppidis,</span> 
     </span>
     <span class='ocr_line' id='line_1_5' title="bbox 443 445 1126 507; baseline -0.006 -14"><span class='ocrx_word' id='word_1_17' title='bbox 443 447 606 493; x_wconf 91' lang='lat' dir='ltr'>Finire</span> <span class='ocrx_word' id='word_1_18' title='bbox 630 455 917 507; x_wconf 61' lang='lat' dir='ltr'>quaerentem</span> <span class='ocrx_word' id='word_1_19' title='bbox 942 445 1126 491; x_wconf 88' lang='lat' dir='ltr'>labores</span> 
     </span>
     <span class='ocr_line' id='line_1_6' title="bbox 510 512 1084 558; baseline -0.005 0"><span class='ocrx_word' id='word_1_20' title='bbox 510 512 666 558; x_wconf 88' lang='lat' dir='ltr'>Pierio</span> <span class='ocrx_word' id='word_1_21' title='bbox 689 512 912 558; x_wconf 84' lang='lat' dir='ltr'>recreatis</span> <span class='ocrx_word' id='word_1_22' title='bbox 937 520 1084 556; x_wconf 79' lang='lat' dir='ltr'>antro.</span> 
     </span>
     <span class='ocr_line' id='line_1_7' title="bbox 381 575 1323 632; baseline -0.003 -8"><span class='ocrx_word' id='word_1_23' title='bbox 381 578 479 624; x_wconf 92' lang='lat' dir='ltr'>Vos</span> <span class='ocrx_word' id='word_1_24' title='bbox 502 578 609 622; x_wconf 90' lang='lat' dir='ltr'>lene</span> <span class='ocrx_word' id='word_1_25' title='bbox 634 577 884 622; x_wconf 83' lang='lat' dir='ltr'>consilium</span> <span class='ocrx_word' id='word_1_26' title='bbox 910 585 955 620; x_wconf 89' lang='lat' dir='ltr'>et</span> <span class='ocrx_word' id='word_1_27' title='bbox 981 575 1117 632; x_wconf 87' lang='lat' dir='ltr'>datis,</span> <span class='ocrx_word' id='word_1_28' title='bbox 1144 583 1190 619; x_wconf 91' lang='lat' dir='ltr'>et</span> <span class='ocrx_word' id='word_1_29' title='bbox 1215 575 1323 621; x_wconf 90' lang='lat' dir='ltr'>dato</span> 
     </span>
     <span class='ocr_line' id='line_1_8' title="bbox 378 639 1314 700; baseline -0.004 -12"><span class='ocrx_word' id='word_1_30' title='bbox 378 643 624 700; x_wconf 82' lang='lat' dir='ltr'>Gaudetis,</span> <span class='ocrx_word' id='word_1_31' title='bbox 650 642 797 687; x_wconf 83' lang='lat' dir='ltr'>almae.</span> <span class='ocrx_word' id='word_1_32' title='bbox 859 641 1048 686; x_wconf 80' lang='lat' dir='ltr'>Scimus</span> <span class='ocrx_word' id='word_1_33' title='bbox 1072 649 1122 685; x_wconf 88' lang='lat' dir='ltr'>ut</span> <span class='ocrx_word' id='word_1_34' title='bbox 1147 639 1314 700; x_wconf 88' lang='lat' dir='ltr'>impios</span> 
     </span>
     <span class='ocr_line' id='line_1_9' title="bbox 447 708 1249 766; baseline -0.006 -12"><span class='ocrx_word' id='word_1_35' title='bbox 447 708 649 754; x_wconf 84' lang='lat' dir='ltr'>Titanas</span> <span class='ocrx_word' id='word_1_36' title='bbox 674 708 1021 766; x_wconf 78' lang='lat' dir='ltr'>immanemque</span> <span class='ocrx_word' id='word_1_37' title='bbox 1046 715 1249 751; x_wconf 90' lang='lat' dir='ltr'>turmam</span> 
     </span>
     <span class='ocr_line' id='line_1_10' title="bbox 513 772 1220 827; baseline -0.006 -8"><span class='ocrx_word' id='word_1_38' title='bbox 513 773 735 819; x_wconf 84' lang='lat' dir='ltr'>Fulmine</span> <span class='ocrx_word' id='word_1_39' title='bbox 761 772 998 817; x_wconf 78' lang='lat' dir='ltr'>sustulerit</span> <span class='ocrx_word' id='word_1_40' title='bbox 1023 772 1220 827; x_wconf 79' lang='lat' dir='ltr'>caduco,</span> 
     </span>
     <span class='ocr_line' id='line_1_11' title="bbox 379 837 1437 896; baseline -0.004 -11"><span class='ocrx_word' id='word_1_41' title='bbox 379 840 483 889; x_wconf 79' lang='lat' dir='ltr'>Qui</span> <span class='ocrx_word' id='word_1_42' title='bbox 509 848 680 884; x_wconf 85' lang='lat' dir='ltr'>terram</span> <span class='ocrx_word' id='word_1_43' title='bbox 707 839 925 893; x_wconf 85' lang='lat' dir='ltr'>inertem,</span> <span class='ocrx_word' id='word_1_44' title='bbox 952 837 1028 896; x_wconf 84' lang='lat' dir='ltr'>qui</span> <span class='ocrx_word' id='word_1_45' title='bbox 1054 852 1183 882; x_wconf 86' lang='lat' dir='ltr'>mare</span> <span class='ocrx_word' id='word_1_46' title='bbox 1208 844 1437 896; x_wconf 79' lang='lat' dir='ltr'>temperat</span> 
     </span>
     <span class='ocr_line' id='line_1_12' title="bbox 362 901 1366 962; baseline -0.004 -12"><span class='ocrx_word' id='word_1_47' title='bbox 362 905 661 961; x_wconf 75' lang='lat' dir='ltr'>&#39;Ventosum,</span> <span class='ocrx_word' id='word_1_48' title='bbox 685 912 732 948; x_wconf 93' lang='lat' dir='ltr'>et</span> <span class='ocrx_word' id='word_1_49' title='bbox 756 904 912 959; x_wconf 76' lang='lat' dir='ltr'>urbes,</span> <span class='ocrx_word' id='word_1_50' title='bbox 939 918 1174 962; x_wconf 78' lang='lat' dir='ltr'>regnaque</span> <span class='ocrx_word' id='word_1_51' title='bbox 1200 901 1366 959; x_wconf 61' lang='lat' dir='ltr'>tristia,</span> 
     </span>
     <span class='ocr_line' id='line_1_13' title="bbox 448 967 1239 1029; baseline -0.005 -15"><span class='ocrx_word' id='word_1_52' title='bbox 448 969 703 1029; x_wconf 79' lang='lat' dir='ltr'>Divosque,</span> <span class='ocrx_word' id='word_1_53' title='bbox 728 967 1039 1027; x_wconf 78' lang='lat' dir='ltr'>mortalesque</span> <span class='ocrx_word' id='word_1_54' title='bbox 1064 967 1239 1022; x_wconf 71' lang='lat' dir='ltr'>turbas,</span> 
     </span>
     <span class='ocr_line' id='line_1_14' title="bbox 514 1033 1184 1095; baseline -0.004 -15"><span class='ocrx_word' id='word_1_55' title='bbox 514 1034 720 1095; x_wconf 82' lang='lat' dir='ltr'>Imperio</span> <span class='ocrx_word' id='word_1_56' title='bbox 743 1033 863 1094; x_wconf 83' lang='lat' dir='ltr'>regit</span> <span class='ocrx_word' id='word_1_57' title='bbox 889 1048 1013 1078; x_wconf 90' lang='lat' dir='ltr'>unus</span> <span class='ocrx_word' id='word_1_58' title='bbox 1038 1048 1184 1092; x_wconf 84' lang='lat' dir='ltr'>aequo.</span> 
     </span>
     <span class='ocr_line' id='line_1_15' title="bbox 382 1096 1347 1161; baseline -0.003 -15"><span class='ocrx_word' id='word_1_59' title='bbox 382 1100 615 1161; x_wconf 81' lang='lat' dir='ltr'>Magnum</span> <span class='ocrx_word' id='word_1_60' title='bbox 642 1100 720 1145; x_wconf 85' lang='lat' dir='ltr'>illa</span> <span class='ocrx_word' id='word_1_61' title='bbox 743 1108 969 1145; x_wconf 84' lang='lat' dir='ltr'>terrorem</span> <span class='ocrx_word' id='word_1_62' title='bbox 994 1097 1216 1143; x_wconf 84' lang='lat' dir='ltr'>intulerat</span> <span class='ocrx_word' id='word_1_63' title='bbox 1241 1096 1347 1144; x_wconf 86' lang='lat' dir='ltr'>Jovi</span> 
     </span>
     <span class='ocr_line' id='line_1_16' title="bbox 376 1162 1267 1226; baseline -0.004 -14"><span class='ocrx_word' id='word_1_64' title='bbox 376 1166 565 1212; x_wconf 72' lang='lat' dir='ltr'>‘Fidens</span> <span class='ocrx_word' id='word_1_65' title='bbox 584 1169 806 1226; x_wconf 88' lang='lat' dir='ltr'>juventus</span> <span class='ocrx_word' id='word_1_66' title='bbox 832 1164 1019 1210; x_wconf 82' lang='lat' dir='ltr'>horrida</span> <span class='ocrx_word' id='word_1_67' title='bbox 1044 1162 1267 1221; x_wconf 82' lang='lat' dir='ltr'>brachiis,</span> 
     </span>
     <span class='ocr_line' id='line_1_17' title="bbox 450 1231 1179 1292; baseline -0.004 -15"><span class='ocrx_word' id='word_1_68' title='bbox 450 1231 733 1292; x_wconf 89' lang='lat' dir='ltr'>Fratresque</span> <span class='ocrx_word' id='word_1_69' title='bbox 758 1231 1007 1276; x_wconf 84' lang='lat' dir='ltr'>tendentes</span> <span class='ocrx_word' id='word_1_70' title='bbox 1030 1244 1179 1289; x_wconf 82' lang='lat' dir='ltr'>opaco</span> 
     </span>
     <span class='ocr_line' id='line_1_18' title="bbox 516 1294 1223 1357; baseline -0.006 -14"><span class='ocrx_word' id='word_1_71' title='bbox 516 1297 679 1343; x_wconf 86' lang='lat' dir='ltr'>Pelion</span> <span class='ocrx_word' id='word_1_72' title='bbox 701 1296 978 1357; x_wconf 80' lang='lat' dir='ltr'>imposuisse</span> <span class='ocrx_word' id='word_1_73' title='bbox 1003 1294 1223 1355; x_wconf 85' lang='lat' dir='ltr'>Olympo.</span> 
     </span>
     <span class='ocr_line' id='line_1_19' title="bbox 382 1358 1396 1423; baseline -0.004 -15"><span class='ocrx_word' id='word_1_74' title='bbox 382 1363 478 1409; x_wconf 81' lang='lat' dir='ltr'>Sed</span> <span class='ocrx_word' id='word_1_75' title='bbox 502 1363 614 1423; x_wconf 92' lang='lat' dir='ltr'>quid</span> <span class='ocrx_word' id='word_1_76' title='bbox 640 1362 903 1423; x_wconf 81' lang='lat' dir='ltr'>Typhoeus‚</span> <span class='ocrx_word' id='word_1_77' title='bbox 929 1370 976 1406; x_wconf 90' lang='lat' dir='ltr'>et</span> <span class='ocrx_word' id='word_1_78' title='bbox 999 1360 1180 1406; x_wconf 82' lang='lat' dir='ltr'>validus</span> <span class='ocrx_word' id='word_1_79' title='bbox 1206 1358 1396 1417; x_wconf 82' lang='lat' dir='ltr'>MimaS,</span> 
     </span>
     <span class='ocr_line' id='line_1_20' title="bbox 382 1427 1301 1488; baseline -0.004 -14"><span class='ocrx_word' id='word_1_80' title='bbox 382 1429 483 1474; x_wconf 93' lang='lat' dir='ltr'>Aut</span> <span class='ocrx_word' id='word_1_81' title='bbox 506 1429 618 1488; x_wconf 90' lang='lat' dir='ltr'>quid</span> <span class='ocrx_word' id='word_1_82' title='bbox 643 1428 819 1474; x_wconf 82' lang='lat' dir='ltr'>minaci</span> <span class='ocrx_word' id='word_1_83' title='bbox 844 1427 1135 1487; x_wconf 83' lang='lat' dir='ltr'>Porphyrion</span> <span class='ocrx_word' id='word_1_84' title='bbox 1161 1434 1301 1483; x_wconf 87' lang='lat' dir='ltr'>statu,</span> 
     </span>
     <span class='ocr_line' id='line_1_21' title="bbox 445 1491 1326 1552; baseline -0.002 -13"><span class='ocrx_word' id='word_1_85' title='bbox 445 1493 582 1544; x_wconf 79' lang='lat' dir='ltr'>Quid</span> <span class='ocrx_word' id='word_1_86' title='bbox 608 1494 830 1551; x_wconf 80' lang='lat' dir='ltr'>Rhoetus,</span> <span class='ocrx_word' id='word_1_87' title='bbox 855 1493 1119 1552; x_wconf 87' lang='lat' dir='ltr'>evulsisque</span> <span class='ocrx_word' id='word_1_88' title='bbox 1144 1491 1326 1537; x_wconf 80' lang='lat' dir='ltr'>truncis</span> 
     </span>
     <span class='ocr_line' id='line_1_22' title="bbox 512 1558 1231 1619; baseline -0.004 -15"><span class='ocrx_word' id='word_1_89' title='bbox 512 1559 785 1605; x_wconf 83' lang='lat' dir='ltr'>Enceladus</span> <span class='ocrx_word' id='word_1_90' title='bbox 805 1558 1036 1619; x_wconf 76' lang='lat' dir='ltr'>jaculator</span> <span class='ocrx_word' id='word_1_91' title='bbox 1061 1558 1231 1614; x_wconf 88' lang='lat' dir='ltr'>audax,</span> 
     </span>
     <span class='ocr_line' id='line_1_23' title="bbox 383 1622 1243 1683; baseline -0.005 -12"><span class='ocrx_word' id='word_1_92' title='bbox 383 1625 564 1672; x_wconf 80' lang='lat' dir='ltr'>Contra</span> <span class='ocrx_word' id='word_1_93' title='bbox 588 1634 836 1671; x_wconf 86' lang='lat' dir='ltr'>sonantem</span> <span class='ocrx_word' id='word_1_94' title='bbox 862 1623 1067 1669; x_wconf 84' lang='lat' dir='ltr'>Palladis</span> <span class='ocrx_word' id='word_1_95' title='bbox 1092 1622 1243 1683; x_wconf 70' lang='lat' dir='ltr'>aegida</span> 
     </span>
     <span class='ocr_line' id='line_1_24' title="bbox 382 1685 1360 1738; baseline -0.006 -1"><span class='ocrx_word' id='word_1_96' title='bbox 382 1691 585 1738; x_wconf 89' lang='lat' dir='ltr'>Possent</span> <span class='ocrx_word' id='word_1_97' title='bbox 608 1691 831 1736; x_wconf 66' lang='lat' dir='ltr'>ruentes?</span> <span class='ocrx_word' id='word_1_98' title='bbox 890 1689 1021 1734; x_wconf 81' lang='lat' dir='ltr'>Hinc</span> <span class='ocrx_word' id='word_1_99' title='bbox 1045 1688 1209 1733; x_wconf 81' lang='lat' dir='ltr'>avidus</span> <span class='ocrx_word' id='word_1_100' title='bbox 1233 1685 1360 1732; x_wconf 87' lang='lat' dir='ltr'>stetit</span> 
     </span>
     <span class='ocr_line' id='line_1_25' title="bbox 446 1751 1351 1811; baseline -0.007 -9"><span class='ocrx_word' id='word_1_101' title='bbox 446 1756 717 1811; x_wconf 80' lang='lat' dir='ltr'>Vulcanus3</span> <span class='ocrx_word' id='word_1_102' title='bbox 756 1755 868 1800; x_wconf 83' lang='lat' dir='ltr'>hino</span> <span class='ocrx_word' id='word_1_103' title='bbox 893 1762 1106 1800; x_wconf 84' lang='lat' dir='ltr'>matrona</span> <span class='ocrx_word' id='word_1_104' title='bbox 1131 1751 1160 1797; x_wconf 90' lang='lat' dir='ltr'>J</span> <span class='ocrx_word' id='word_1_105' title='bbox 1165 1768 1277 1810; x_wconf 88' lang='lat' dir='ltr'>uno,</span> <span class='ocrx_word' id='word_1_106' title='bbox 1303 1759 1351 1796; x_wconf 90' lang='lat' dir='ltr'>et</span> 
     </span>
    </p>
   </div>
   <div class='ocr_carea' id='block_1_3' title="bbox 512 1818 1472 1881">
    <p class='ocr_par' dir='ltr' id='par_1_3' title="bbox 512 1818 1472 1881">
     <span class='ocr_line' id='line_1_26' title="bbox 512 1818 1472 1881; baseline -0.005 -14"><span class='ocrx_word' id='word_1_107' title='bbox 512 1820 772 1881; x_wconf 89' lang='lat' dir='ltr'>Nunquam</span> <span class='ocrx_word' id='word_1_108' title='bbox 799 1819 1007 1866; x_wconf 70' lang='lat' dir='ltr'>humeris</span> <span class='ocrx_word' id='word_1_109' title='bbox 1030 1818 1267 1880; x_wconf 83' lang='lat' dir='ltr'>positurus</span> <span class='ocrx_word' id='word_1_110' title='bbox 1292 1830 1472 1868; x_wconf 53' lang='lat' dir='ltr'>arcum³</span> 
     </span>
    </p>
   </div>
   <div class='ocr_carea' id='block_1_4' title="bbox 380 1884 1399 3058">
    <p class='ocr_par' dir='ltr' id='par_1_4' title="bbox 380 1884 1399 3058">
     <span class='ocr_line' id='line_1_27' title="bbox 380 1884 1129 1948; baseline -0.005 -15"><span class='ocrx_word' id='word_1_111' title='bbox 380 1887 483 1938; x_wconf 77' lang='lat' dir='ltr'>Qui</span> <span class='ocrx_word' id='word_1_112' title='bbox 507 1903 609 1934; x_wconf 89' lang='lat' dir='ltr'>rore</span> <span class='ocrx_word' id='word_1_113' title='bbox 633 1903 750 1948; x_wconf 90' lang='lat' dir='ltr'>puro</span> <span class='ocrx_word' id='word_1_114' title='bbox 774 1885 994 1931; x_wconf 84' lang='lat' dir='ltr'>Castaliae</span> <span class='ocrx_word' id='word_1_115' title='bbox 1018 1884 1129 1930; x_wconf 90' lang='lat' dir='ltr'>lavit</span> 
     </span>
     <span class='ocr_line' id='line_1_28' title="bbox 380 1950 1214 2012; baseline -0.006 -13"><span class='ocrx_word' id='word_1_116' title='bbox 380 1953 552 2000; x_wconf 88' lang='lat' dir='ltr'>Crines</span> <span class='ocrx_word' id='word_1_117' title='bbox 577 1953 767 2010; x_wconf 89' lang='lat' dir='ltr'>solutos,</span> <span class='ocrx_word' id='word_1_118' title='bbox 793 1951 871 2012; x_wconf 86' lang='lat' dir='ltr'>qui</span> <span class='ocrx_word' id='word_1_119' title='bbox 896 1950 1056 2011; x_wconf 82' lang='lat' dir='ltr'>Lyoiae</span> <span class='ocrx_word' id='word_1_120' title='bbox 1081 1958 1214 1995; x_wconf 89' lang='lat' dir='ltr'>tenet</span> 
     </span>
     <span class='ocr_line' id='line_1_29' title="bbox 448 2015 1182 2075; baseline -0.007 -11"><span class='ocrx_word' id='word_1_121' title='bbox 448 2018 655 2064; x_wconf 88' lang='lat' dir='ltr'>Dumeta</span> <span class='ocrx_word' id='word_1_122' title='bbox 679 2017 978 2075; x_wconf 81' lang='lat' dir='ltr'>natalemque</span> <span class='ocrx_word' id='word_1_123' title='bbox 1003 2015 1182 2072; x_wconf 85' lang='lat' dir='ltr'>silvam,</span> 
     </span>
     <span class='ocr_line' id='line_1_30' title="bbox 514 2079 1212 2140; baseline -0.009 -11"><span class='ocrx_word' id='word_1_124' title='bbox 514 2083 682 2129; x_wconf 82' lang='lat' dir='ltr'>Delius</span> <span class='ocrx_word' id='word_1_125' title='bbox 706 2092 753 2127; x_wconf 89' lang='lat' dir='ltr'>et</span> <span class='ocrx_word' id='word_1_126' title='bbox 777 2082 1003 2127; x_wconf 85' lang='lat' dir='ltr'>Patareus</span> <span class='ocrx_word' id='word_1_127' title='bbox 1029 2079 1212 2140; x_wconf 88' lang='lat' dir='ltr'>Apollo.</span> 
     </span>
     <span class='ocr_line' id='line_1_31' title="bbox 384 2144 1256 2208; baseline -0.009 -12"><span class='ocrx_word' id='word_1_128' title='bbox 384 2150 471 2196; x_wconf 92' lang='lat' dir='ltr'>Vis</span> <span class='ocrx_word' id='word_1_129' title='bbox 496 2147 663 2194; x_wconf 82' lang='lat' dir='ltr'>consili</span> <span class='ocrx_word' id='word_1_130' title='bbox 688 2163 856 2208; x_wconf 79' lang='lat' dir='ltr'>expers</span> <span class='ocrx_word' id='word_1_131' title='bbox 879 2145 1001 2191; x_wconf 91' lang='lat' dir='ltr'>mole</span> <span class='ocrx_word' id='word_1_132' title='bbox 1025 2145 1119 2190; x_wconf 80' lang='lat' dir='ltr'>ruit</span> <span class='ocrx_word' id='word_1_133' title='bbox 1143 2144 1228 2189; x_wconf 69' lang='lat' dir='ltr'>sua</span> <span class='ocrx_word' id='word_1_134' title='bbox 1248 2159 1256 2188; x_wconf 78' lang='grc' dir='ltr'>ε</span> 
     </span>
     <span class='ocr_line' id='line_1_32' title="bbox 381 2208 1399 2275; baseline -0.008 -13"><span class='ocrx_word' id='word_1_135' title='bbox 381 2215 494 2262; x_wconf 89' lang='lat' dir='ltr'>Vim</span> <span class='ocrx_word' id='word_1_136' title='bbox 518 2222 828 2275; x_wconf 86' lang='lat' dir='ltr'>temperatam</span> <span class='ocrx_word' id='word_1_137' title='bbox 853 2211 901 2257; x_wconf 77' lang='lat' dir='ltr'>di</span> <span class='ocrx_word' id='word_1_138' title='bbox 926 2226 1111 2271; x_wconf 90' lang='lat' dir='ltr'>quoque</span> <span class='ocrx_word' id='word_1_139' title='bbox 1136 2208 1399 2270; x_wconf 88' lang='lat' dir='ltr'>provehunt</span> 
     </span>
     <span class='ocr_line' id='line_1_33' title="bbox 449 2274 1192 2340; baseline -0.009 -14"><span class='ocrx_word' id='word_1_140' title='bbox 449 2280 509 2327; x_wconf 89' lang='lat' dir='ltr'>In</span> <span class='ocrx_word' id='word_1_141' title='bbox 534 2280 712 2340; x_wconf 82' lang='lat' dir='ltr'>majus:</span> <span class='ocrx_word' id='word_1_142' title='bbox 749 2277 879 2324; x_wconf 80' lang='lat' dir='ltr'>idem</span> <span class='ocrx_word' id='word_1_143' title='bbox 902 2274 1046 2322; x_wconf 73' lang='lat' dir='ltr'>odere</span> <span class='ocrx_word' id='word_1_144' title='bbox 1077 2276 1192 2320; x_wconf 80' lang='lat' dir='ltr'>vires</span> 
     </span>
     <span class='ocr_line' id='line_1_34' title="bbox 514 2342 1292 2391; baseline -0.008 0"><span class='ocrx_word' id='word_1_145' title='bbox 514 2344 672 2391; x_wconf 90' lang='lat' dir='ltr'>Omne</span> <span class='ocrx_word' id='word_1_146' title='bbox 697 2344 829 2390; x_wconf 89' lang='lat' dir='ltr'>nefas</span> <span class='ocrx_word' id='word_1_147' title='bbox 853 2342 1010 2388; x_wconf 84' lang='lat' dir='ltr'>animo</span> <span class='ocrx_word' id='word_1_148' title='bbox 1034 2348 1292 2387; x_wconf 87' lang='lat' dir='ltr'>moventes.</span> 
     </span>
     <span class='ocr_line' id='line_1_35' title="bbox 385 2406 1290 2466; baseline -0.008 -9"><span class='ocrx_word' id='word_1_149' title='bbox 385 2411 547 2458; x_wconf 89' lang='lat' dir='ltr'>Testis</span> <span class='ocrx_word' id='word_1_150' title='bbox 571 2425 780 2455; x_wconf 82' lang='lat' dir='ltr'>mearum</span> <span class='ocrx_word' id='word_1_151' title='bbox 808 2407 1106 2454; x_wconf 81' lang='lat' dir='ltr'>centimanus</span> <span class='ocrx_word' id='word_1_152' title='bbox 1130 2406 1290 2466; x_wconf 86' lang='lat' dir='ltr'>Gyges</span> 
     </span>
     <span class='ocr_line' id='line_1_36' title="bbox 386 2473 1232 2533; baseline -0.008 -10"><span class='ocrx_word' id='word_1_153' title='bbox 386 2476 767 2530; x_wconf 83' lang='lat' dir='ltr'>Sententiarum3</span> <span class='ocrx_word' id='word_1_154' title='bbox 806 2482 945 2520; x_wconf 87' lang='lat' dir='ltr'>notus</span> <span class='ocrx_word' id='word_1_155' title='bbox 966 2482 1012 2518; x_wconf 92' lang='lat' dir='ltr'>et</span> <span class='ocrx_word' id='word_1_156' title='bbox 1037 2473 1232 2533; x_wconf 83' lang='lat' dir='ltr'>integrae</span> 
     </span>
     <span class='ocr_line' id='line_1_37' title="bbox 448 2539 1064 2596; baseline -0.01 -8"><span class='ocrx_word' id='word_1_157' title='bbox 448 2541 680 2588; x_wconf 86' lang='lat' dir='ltr'>Tentator</span> <span class='ocrx_word' id='word_1_158' title='bbox 704 2541 854 2587; x_wconf 90' lang='lat' dir='ltr'>Orion</span> <span class='ocrx_word' id='word_1_159' title='bbox 880 2539 1064 2596; x_wconf 77' lang='lat' dir='ltr'>Dianae,</span> 
     </span>
     <span class='ocr_line' id='line_1_38' title="bbox 515 2602 1188 2668; baseline -0.009 -15"><span class='ocrx_word' id='word_1_160' title='bbox 515 2607 747 2668; x_wconf 70' lang='lat' dir='ltr'>Virginea</span> <span class='ocrx_word' id='word_1_161' title='bbox 772 2606 978 2652; x_wconf 90' lang='lat' dir='ltr'>domitus</span> <span class='ocrx_word' id='word_1_162' title='bbox 1003 2602 1188 2664; x_wconf 73' lang='lat' dir='ltr'>sagitta.</span> 
     </span>
     <span class='ocr_line' id='line_1_39' title="bbox 383 2667 1245 2733; baseline -0.008 -15"><span class='ocrx_word' id='word_1_163' title='bbox 383 2672 565 2733; x_wconf 84' lang='lat' dir='ltr'>Injecta</span> <span class='ocrx_word' id='word_1_164' title='bbox 591 2672 811 2718; x_wconf 79' lang='lat' dir='ltr'>monstris</span> <span class='ocrx_word' id='word_1_165' title='bbox 835 2680 960 2717; x_wconf 90' lang='lat' dir='ltr'>terra</span> <span class='ocrx_word' id='word_1_166' title='bbox 983 2668 1108 2715; x_wconf 88' lang='lat' dir='ltr'>dolet</span> <span class='ocrx_word' id='word_1_167' title='bbox 1131 2667 1245 2724; x_wconf 88' lang='lat' dir='ltr'>suis,</span> 
     </span>
     <span class='ocr_line' id='line_1_40' title="bbox 387 2732 1288 2798; baseline -0.009 -15"><span class='ocrx_word' id='word_1_168' title='bbox 387 2737 651 2797; x_wconf 78' lang='lat' dir='ltr'>Moeretque</span> <span class='ocrx_word' id='word_1_169' title='bbox 675 2746 838 2798; x_wconf 86' lang='lat' dir='ltr'>partus</span> <span class='ocrx_word' id='word_1_170' title='bbox 861 2735 1056 2782; x_wconf 84' lang='lat' dir='ltr'>fulmine</span> <span class='ocrx_word' id='word_1_171' title='bbox 1080 2732 1288 2778; x_wconf 77' lang='lat' dir='ltr'>luridum</span> 
     </span>
     <span class='ocr_line' id='line_1_41' title="bbox 452 2795 1280 2858; baseline -0.008 -11"><span class='ocrx_word' id='word_1_172' title='bbox 452 2801 626 2847; x_wconf 87' lang='lat' dir='ltr'>Missos</span> <span class='ocrx_word' id='word_1_173' title='bbox 651 2803 709 2847; x_wconf 87' lang='lat' dir='ltr'>ad</span> <span class='ocrx_word' id='word_1_174' title='bbox 734 2802 944 2848; x_wconf 80' lang='lat' dir='ltr'>Orcum:</span> <span class='ocrx_word' id='word_1_175' title='bbox 981 2813 1072 2845; x_wconf 83' lang='lat' dir='ltr'>neo</span> <span class='ocrx_word' id='word_1_176' title='bbox 1095 2795 1280 2858; x_wconf 76' lang='lat' dir='ltr'>peredit</span> 
     </span>
     <span class='ocr_line' id='line_1_42' title="bbox 516 2861 1321 2927; baseline -0.004 -17"><span class='ocrx_word' id='word_1_177' title='bbox 516 2866 790 2927; x_wconf 88' lang='lat' dir='ltr'>Impositam</span> <span class='ocrx_word' id='word_1_178' title='bbox 814 2867 938 2912; x_wconf 76' lang='lat' dir='ltr'>celer</span> <span class='ocrx_word' id='word_1_179' title='bbox 963 2863 1086 2926; x_wconf 85' lang='lat' dir='ltr'>ignis</span> <span class='ocrx_word' id='word_1_180' title='bbox 1110 2861 1321 2908; x_wconf 83' lang='lat' dir='ltr'>AEtnen:</span> 
     </span>
     <span class='ocr_line' id='line_1_43' title="bbox 386 2928 1158 2990; baseline -0.004 -14"><span class='ocrx_word' id='word_1_181' title='bbox 386 2930 734 2977; x_wconf 83' lang='lat' dir='ltr'>Incontinentis</span> <span class='ocrx_word' id='word_1_182' title='bbox 758 2947 849 2977; x_wconf 84' lang='lat' dir='ltr'>neo</span> <span class='ocrx_word' id='word_1_183' title='bbox 873 2930 1005 2990; x_wconf 90' lang='lat' dir='ltr'>Tityi</span> <span class='ocrx_word' id='word_1_184' title='bbox 1024 2928 1158 2990; x_wconf 86' lang='lat' dir='ltr'>jecur</span> 
     </span>
     <span class='ocr_line' id='line_1_44' title="bbox 386 2992 1229 3058; baseline -0.007 -14"><span class='ocrx_word' id='word_1_185' title='bbox 386 2997 636 3058; x_wconf 79' lang='lat' dir='ltr'>Relinquit</span> <span class='ocrx_word' id='word_1_186' title='bbox 658 2997 770 3056; x_wconf 88' lang='lat' dir='ltr'>ales,</span> <span class='ocrx_word' id='word_1_187' title='bbox 795 2995 1017 3057; x_wconf 83' lang='lat' dir='ltr'>nequitiae</span> <span class='ocrx_word' id='word_1_188' title='bbox 1042 2992 1229 3040; x_wconf 80' lang='lat' dir='ltr'>additus</span> 
     </span>
    </p>
   </div>
   <div class='ocr_carea' id='block_1_5' title="bbox 1699 507 1763 553">
    <p class='ocr_par' dir='ltr' id='par_1_5' title="bbox 1699 507 1763 553">
     <span class='ocr_line' id='line_1_45' title="bbox 1699 507 1763 553; baseline 0 0"><span class='ocrx_word' id='word_1_189' title='bbox 1699 507 1763 553; x_wconf 87' lang='lat'>40</span> 
     </span>
    </p>
   </div>
   <div class='ocr_carea' id='block_1_6' title="bbox 1705 834 1768 880">
    <p class='ocr_par' dir='ltr' id='par_1_6' title="bbox 1705 834 1768 880">
     <span class='ocr_line' id='line_1_46' title="bbox 1705 834 1768 880; baseline 0 0"><span class='ocrx_word' id='word_1_190' title='bbox 1705 834 1768 880; x_wconf 83' lang='lat'>45</span> 
     </span>
    </p>
   </div>
   <div class='ocr_carea' id='block_1_7' title="bbox 1707 1160 1769 1208">
    <p class='ocr_par' dir='ltr' id='par_1_7' title="bbox 1707 1160 1769 1208">
     <span class='ocr_line' id='line_1_47' title="bbox 1707 1160 1769 1208; baseline -0.016 0"><span class='ocrx_word' id='word_1_191' title='bbox 1707 1160 1769 1208; x_wconf 78' lang='lat'>50</span> 
     </span>
    </p>
   </div>
   <div class='ocr_carea' id='block_1_8' title="bbox 1704 1814 1772 1861">
    <p class='ocr_par' dir='ltr' id='par_1_8' title="bbox 1704 1814 1772 1861">
     <span class='ocr_line' id='line_1_48' title="bbox 1704 1814 1772 1861; baseline -0.015 0"><span class='ocrx_word' id='word_1_192' title='bbox 1704 1814 1772 1861; x_wconf 83' lang='lat'>60</span> 
     </span>
    </p>
   </div>
   <div class='ocr_carea' id='block_1_9' title="bbox 1707 2465 1772 2513">
    <p class='ocr_par' dir='ltr' id='par_1_9' title="bbox 1707 2465 1772 2513">
     <span class='ocr_line' id='line_1_49' title="bbox 1707 2465 1772 2513; baseline 0 0"><span class='ocrx_word' id='word_1_193' title='bbox 1707 2465 1772 2513; x_wconf 83' lang='lat'>70</span> 
     </span>
    </p>
   </div>
   <div class='ocr_carea' id='block_1_10' title="bbox 1705 2788 1774 2840">
    <p class='ocr_par' dir='ltr' id='par_1_10' title="bbox 1705 2788 1774 2840">
     <span class='ocr_line' id='line_1_50' title="bbox 1705 2788 1774 2840; baseline 0.029 -2"><span class='ocrx_word' id='word_1_194' title='bbox 1705 2788 1774 2840; x_wconf 75' lang='lat'>⁷5</span> 
     </span>
    </p>
   </div>
  </div>
 </body>
</html>
