1841 3349
567 161 911 202 SATIRARUM
940 162 1049 200 LIB.
1079 161 1113 199 Ι.
1145 162 1206 200 10.

122 280 247 329 Tam
271 282 458 342 nigrum
482 297 672 326 surrexe
696 280 839 326 mihi!
877 279 996 339 fugit
1019 279 1274 340 improbuS,
1299 295 1355 326 ac
1380 295 1455 326 me

122 348 223 394 Sub
246 349 394 395 cultro
418 347 628 407 linquit?
689 347 817 391 Casu
836 345 968 390 'venit
991 345 1153 390 obvius
1179 345 1243 390 illi

122 413 431 460 Adversarius
454 429 462 458 :
499 421 560 470 et,
599 416 627 435 “
649 409 765 460 Quo
791 420 858 469 tu,
886 410 1154 471 turpissime
1173 411 1222 455 '2⁷'
1261 410 1436 470 magna

121 479 366 525 Exclamat
391 494 502 524 voce
523 495 533 533 ;
571 488 633 535 et,
671 481 699 500 “
727 477 863 522 Licet
887 476 1109 521 antestari
1124 477 1172 520 ‘3'’
1214 475 1316 537 Ego
1339 473 1449 521 vero

120 544 323 606 Oppono
348 544 635 590 auriculam:
673 543 792 603 rapit
816 543 864 588 in
885 542 988 603 jus:
1026 542 1200 587 clamor
1228 541 1443 602 utrinque
1460 577 1471 597 ‚

120 609 348 672 Undique
364 625 637 657 concursus
696 610 778 655 Sic
805 624 880 653 me
906 607 1105 653 servavit
1129 607 1314 668 Apollo.

701 906 966 952 SATIRA
1002 905 1065 951 X.

122 1005 307 1053 NEMPE
334 1005 644 1066 incomposito
667 1005 764 1050 dixi
788 1007 908 1066 pede
934 1022 1123 1053 currere
1151 1023 1310 1053 versus

123 1071 293 1118 Lucili.
351 1072 477 1120 Quis
502 1081 595 1117 tam
623 1070 778 1116 Lucili
805 1072 953 1118 fautor
980 1072 1138 1134 inepte
1164 1082 1250 1132 est,

122 1138 185 1184 Ut
210 1154 303 1183 non
324 1138 412 1182 hoc
438 1137 668 1182 fateatur?
729 1138 795 1183 At
819 1138 960 1197 idem,
988 1138 1114 1200 quod
1141 1140 1237 1186 sale
1262 1137 1409 1185 multo

122 1204 297 1250 Urbem
323 1203 557 1259 defricuit,
584 1203 747 1248 charta
772 1204 989 1250 laudatur
1013 1206 1195 1251 eadem.

1600 165 1699 212 111

1639 412 1703 469 75

70 1309 73 1311 ,
120 1268 229 1315 Nec
249 1278 406 1314 tamen
434 1269 522 1314 hoc
541 1269 751 1314 tribuens
771 1270 981 1315 dederim
1006 1287 1189 1332 quoque
1214 1279 1412 1316 caetera:
1448 1284 1559 1316 nam
1583 1269 1652 1317 sic
1673 1271 1706 1316 ὁ

120 1335 181 1381 Et
207 1333 377 1380 Laberi
406 1335 589 1392 mimos,
616 1345 666 1380 ut
686 1335 883 1395 pulchra
902 1341 1137 1397 poemata,
1165 1337 1318 1382 mirer.

122 1400 248 1462 Ergo
274 1417 367 1446 non
394 1398 506 1445 satis
531 1410 601 1446 est
627 1401 719 1446 risu
749 1401 974 1448 diducere
1000 1403 1169 1449 rictum

120 1467 365 1513 Auditoris
385 1483 393 1511 :
431 1476 478 1512 et
502 1475 572 1512 est
595 1467 809 1528 quaedam
833 1477 992 1514 tamen
1020 1469 1098 1514 hic
1122 1485 1305 1530 quoque
1330 1468 1488 1515 virtus.

121 1533 207 1579 Est
232 1534 454 1578 brevitate
478 1549 611 1593 opus,
638 1543 688 1579 ut
714 1545 872 1580 currat
896 1535 1145 1591 sententia,
1172 1551 1266 1581 neu
1291 1551 1340 1581 se

120 1598 355 1660 Impediat
379 1599 530 1644 verbis
554 1599 700 1644 lassas
724 1601 1032 1646 onerantibus
1057 1617 1207 1646 aures.

121 1664 183 1711 Et
207 1681 420 1710 sermone
444 1681 560 1725 opus
584 1677 654 1710 est
679 1663 819 1710 modo
846 1667 980 1725 tristi,
1007 1665 1131 1728 saepe
1153 1669 1330 1727 jocoso,

122 1730 421 1777 Defendente
447 1731 596 1777 vicem
624 1729 763 1777 modo
789 1733 988 1778 rhetoris
1012 1743 1149 1794 atque
1173 1736 1342 1794 poetae,

121 1792 370 1843 Interdum
395 1795 578 1852 urbani,
603 1796 839 1856 parcentis
864 1797 1054 1854 viribus,
1082 1807 1221 1858 atque

120 1861 433 1908 Extenuantis
457 1877 536 1906 eas
561 1859 791 1908 consulto.
851 1862 1133 1909 Ridiculum
1159 1863 1256 1909 acri

122 1925 312 1974 Fortius
336 1937 382 1972 et
406 1927 574 1972 melius
599 1943 794 1988 magnas
817 1925 1093 1990 plerumque
1119 1938 1248 1975 secat
1273 1945 1360 1975 res.

122 1993 217 2051 Illi,
243 1993 413 2053 scripta
440 1993 609 2053 quibus
633 1994 866 2039 comoedia
890 1995 1045 2055 prisca
1070 1995 1178 2040 viris
1202 2004 1288 2053 est,

121 2059 230 2106 Hoc
254 2059 453 2116 stabant,
480 2059 569 2104 hoc
589 2069 698 2104 sunt
722 2059 960 2117 imitandi3
997 2076 1112 2121 quos
1136 2077 1288 2122 neque
1311 2060 1507 2122 pulcher

122 2125 449 2186 Hermogenes
474 2141 679 2185 unquam
704 2125 830 2186 legit,
857 2142 1009 2187 neque
1034 2127 1198 2172 simius
1218 2128 1323 2186 iste,

120 2190 201 2236 Nil
227 2199 392 2252 praeter
418 2190 614 2236 Calvum
640 2199 686 2236 et
710 2191 876 2237 doctus
902 2202 1092 2238 cantare
1118 2193 1442 2240 Catullum.—

121 2257 188 2302 At
214 2272 438 2317 magnum
464 2256 590 2313 fecit,
615 2254 741 2317 quod
769 2258 920 2303 verbis
945 2258 1114 2304 Graeca
1139 2259 1321 2305 Latinis

121 2321 174 2367 M
180 2315 447 2367 iscuit.—O
471 2323 560 2368 seri
581 2323 868 2369 studiorum!
906 2324 1051 2384 quine
1075 2325 1250 2386 putetis

121 2386 325 2433 Difficile
350 2397 396 2433 et
421 2389 607 2445 mirum,
634 2388 826 2435 Rhodio
849 2391 973 2450 quod
1000 2391 1286 2437 Pitholeonti

122 2453 333 2513 Contigit
346 2454 499 2498 'C—-At
523 2470 675 2499 sermo
698 2455 862 2516 lingua
887 2456 1153 2502 concinnus
1178 2458 1374 2518 utraque

123 2519 336 2573 Suavior,
364 2528 413 2563 ut
437 2518 559 2564 Chio
584 2531 694 2564 nota
719 2521 757 2565 si
782 2523 1036 2566 commixta
1062 2522 1251 2567 Falerni
1276 2531 1360 2567 est.

120 2583 286 2632 Quum
314 2598 472 2627 versus
493 2583 652 2640 facias,
677 2595 722 2630 te
748 2585 900 2645 ipsum
924 2597 1191 2647 percontor,
1213 2603 1271 2633 an
1292 2600 1339 2633 et
1361 2601 1506 2647 quum

122 2647 255 2694 Dura
278 2648 360 2693 tibi
386 2649 654 2708 peragenda
677 2650 742 2694 rei
769 2650 828 2695 sit
852 2666 996 2696 causa
1022 2652 1196 2709 Petilli,

124 2714 320 2760 Scilicet
343 2714 515 2759 oblitus
539 2714 792 2775 patriaeque
817 2715 1052 2776 patrisque
1078 2716 1254 2774 Latini,

120 2779 288 2828 Quum
316 2779 488 2824 Pedius
513 2795 678 2824 causas
702 2781 899 2826 exsudet
924 2780 1178 2842 Poplicola,
1204 2791 1341 2843 atque

122 2844 370 2901 Corvinus,
398 2845 554 2904 patriis
579 2845 900 2891 intermiscere
936 2848 1080 2907 petita

122 2909 282 2955 Verba
307 2909 414 2956 foris
440 2911 589 2968 malis,
611 2912 842 2956 Canusini
869 2928 996 2958 inore
1022 2913 1276 2975 bilinguis?

123 2974 271 3036 Atqui
305 2991 393 3036 ego
433 2992 573 3036 quum
599 2977 791 3022 Graecos
812 2977 1031 3035 facerem,
1058 2989 1194 3026 natus
1218 2995 1347 3026 mare
1370 2978 1504 3037 citra,

122 3040 412 3098 Versiculos,
440 3042 583 3086 vetuit
608 3058 681 3087 me
706 3043 787 3088 tali
813 3059 927 3089 voce
951 3043 1207 3103 Quirinus,
1240 3079 1243 3081 -

123 3104 235 3154 Post
254 3106 459 3152 mediam
482 3116 670 3153 noctem
695 3108 836 3168 visus,
856 3125 1002 3170 quum
1026 3111 1210 3157 somnia
1230 3125 1341 3156 vera
1359 3125 1369 3157 ζ

469 3295 493 3320 '4

1647 1599 1783 1646 10'

1639 2259 1704 2306 20

1637 2586 1752 2662 25,

1638 2913 1703 2960 30
