1841 3349
556 189 887 228 CARMINUM
918 188 1027 228 LIB.
1059 191 1141 229 111.

277 307 518 354 Risissent
539 323 548 352 :
586 306 683 352 fore
708 307 836 352 enim
859 315 1014 352 tutum
1039 308 1126 353 iter
1151 317 1198 353 et
1221 317 1388 370 patens

540 372 782 417 Converso
806 372 855 416 in
880 373 1084 432 pretium
1110 374 1212 418 deo.

277 437 465 483 Aurum
488 453 571 497 per
595 438 776 483 medios
803 438 870 482 ire
896 437 1136 495 satellites,

277 502 340 547 Et
364 518 664 563 perrumpere
690 511 816 547 amat
840 519 967 559 saxa,
993 503 1231 563 potentius

278 567 386 613 Ictu
411 568 649 613 fulmineo.
722 568 946 613 Concidit
971 569 1164 628 auguris

542 633 708 694 Argivi
733 634 916 689 domus,
942 634 1001 678 ob
1026 633 1213 680 lucrum

276 697 508 743 Demersa
532 699 731 744 excidio
805 672 990 743 Diffi'dit
1014 699 1203 744 urbium

275 762 441 809 Portas
465 763 533 808 vir
559 751 777 820 Macedo,
804 772 850 807 et
875 764 1059 808 subruit
1085 764 1279 810 aemulos

275 828 439 890 Reges
465 829 752 873 muneribus
825 826 1031 874 Munera
1056 829 1247 875 navium

542 895 700 939 Saevos
726 894 980 954 illaqueant
1004 895 1166 939 duces.

276 959 586 1005 Crescentem
611 960 821 1020 sequitur
846 975 961 1004 cura
983 960 1256 1020 pecuniam,

277 1024 605 1085 Majorumque
632 1025 791 1069 fames.
863 1023 890 1068 J
897 1040 980 1069 ure
1004 1026 1250 1085 perhorrui

273 1089 393 1136 Late
420 1090 731 1150 conspicuum
754 1090 916 1135 tollere
942 1090 1182 1149 verticem,

539 1154 798 1211 Maecenas,
823 1156 1033 1215 equitum
1059 1157 1221 1203 decus.

272 1218 473 1270 Quanto
499 1221 694 1280 quisque
720 1221 808 1265 sibi
831 1221 968 1281 plura
991 1222 1250 1282 negaverit,

275 1286 321 1331 A
347 1286 420 1331 dis
443 1286 577 1347 plura
604 1285 732 1331 feret.
803 1285 889 1330 Nil
916 1288 1211 1347 cupientium

274 1350 451 1397 Nudus
476 1360 630 1396 castra
653 1359 777 1411 peto,
803 1360 850 1396 et
874 1352 1118 1412 transfuga
1143 1353 1341 1399 divitum

538 1416 701 1461 Partes
726 1416 939 1476 linquere
964 1418 1141 1478 gestio,
1132 1435 1141 1443 ·

273 1481 568 1542 Contemptae
594 1482 813 1527 dominus
838 1483 1126 1543 splendidior
1151 1483 1234 1542 rei,

270 1546 437 1596 Quam
463 1548 500 1592 si
525 1548 751 1608 quidquid
777 1558 875 1593 arat
899 1548 1098 1609 impiger
1124 1549 1343 1611 Appulus

273 1612 534 1658 Occultare
559 1613 677 1658 meis
702 1615 886 1658 dicerer
912 1615 1109 1671 horreis,

536 1677 741 1738 Magnas
766 1679 887 1724 inter
910 1695 1024 1739 opes
1049 1679 1197 1740 inops

270 1744 408 1790 Purae
434 1743 561 1789 rivus
587 1759 734 1803 aquae,
761 1743 1004 1803 silvaque
986 1760 1019 1804 J
1016 1760 1210 1804 lgerum

271 1809 557 1866 Paucorum,
583 1818 630 1854 et
655 1809 829 1870 segetis
854 1818 985 1854 certa
1008 1809 1125 1855 fides
1150 1825 1285 1870 meae,

270 1847 591 1936 Fulgenterri
581 1875 777 1934 imperio
802 1874 965 1920 fertilis
991 1875 1168 1921 Africae

536 1939 678 1999 Fallit
703 1949 827 1985 sorte
853 1940 1045 1985 beatior.

269 2005 560 2064 Quanquam
586 2020 677 2049 nec
702 2004 916 2049 Calabrae
941 2005 1083 2050 mella
1106 2005 1263 2051 ferunt
1287 2019 1414 2068 apeS,

271 2070 380 2116 Nec
404 2070 728 2131 Laestrygonia
753 2069 974 2114 Bacchus
999 2070 1047 2115 in
1073 2070 1299 2132 amphora

270 2135 560 2197 Languescit
585 2136 716 2191 mihi,
742 2150 833 2180 nec
858 2136 1054 2196 pinguia
1077 2136 1275 2184 Gallicis

534 2200 771 2246 Crescunt
794 2201 967 2246 vellera
991 2202 1204 2262 pascuis3

270 2266 548 2328 Importuna
566 2276 725 2312 tamen
741 2267 996 2327 ⁴pauperies
1023 2268 1155 2313 abest
1170 2284 1181 2324 3

271 2332 396 2390 Nec,
422 2333 460 2377 si
484 2333 620 2393 plura
644 2333 798 2389 velim,
823 2341 875 2377 tu
900 2333 1012 2377 dare
1037 2334 1260 2395 deneges.

270 2399 528 2445 Contracto
551 2396 721 2444 melius
745 2414 887 2459 parva
905 2399 1129 2459 cupidine

532 2464 800 2525 Vectigalia
823 2464 1076 2525 porrigam,

269 2526 436 2577 Quam
461 2529 500 2573 si
526 2527 800 2589 Mygdoniis
824 2546 1024 2590 regnum
1050 2530 1263 2602 Alyattei

270 2593 465 2653 Campis
489 2594 777 2640 continuem.
850 2594 1004 2640 Multa
1026 2585 1296 2667 petentibus

271 2657 458 2705 Desunt
480 2657 640 2703 multa.
711 2658 842 2703 Bene
866 2668 938 2704 est
961 2660 1041 2703 cui
1065 2658 1198 2703 Deus
1215 2656 1384 2706 obtulit

535 2721 689 2769 Parca
712 2723 837 2784 quod
861 2720 980 2769 satis
1003 2731 1079 2770 est
1098 2737 1258 2770 manu.

398 2787 436 2835 5

1606 505 1666 552 10

1604 829 1667 877 15

1598 1156 1665 1205 20

1595 1811 1664 1859 30

1594 2462 1660 2513 40
