1841 3349
525 188 869 230 SATIRARUM
899 187 1008 226 LIB.
1040 187 1098 225 ΙΙ.
1127 188 1163 225 6,
1578 187 1672 236 135

94 311 351 374 Ingenium
372 317 562 369 {utque
586 308 723 366 soles,
748 314 906 352 custos
931 305 1045 350 mihi
1073 304 1307 350 maximus
1329 303 1470 351 adsis,
1610 303 1672 350 15

91 376 234 439 Ergo,
261 377 339 422 ubi
365 392 440 421 me
466 375 514 420 in
540 382 724 420 montes
749 381 795 417 et
820 373 868 417 in
888 386 1044 416 arcem
1071 386 1130 415 ex
1155 370 1269 414 urbe
1295 369 1488 430 removi,

88 443 226 493 Quid
251 441 380 504 prius
405 441 634 486 illustrem
660 438 833 495 satiris,
855 436 1089 496 Musaque
1114 435 1318 496 pedestri
1340 437 1354 480 l

92 509 199 554 Nec
225 509 347 553 mala
370 522 445 551 me
472 504 663 550 ambitio
687 504 856 564 perdit,
882 517 973 547 nec
996 501 1246 562 plumbeus
1272 502 1466 560 Auster,

93 575 461 631 Autumnusque
485 571 656 631 gravis,
683 569 903 614 Libitinae
929 578 1132 628 quaestus
1157 567 1353 612 acerbae,

158 639 394 684 Matutine
421 647 570 697 pater,
595 651 678 680 seu
704 634 826 679 Jane
851 631 1078 679 libentius
1103 632 1255 689 audiS,
1607 629 1677 677 20

93 705 235 752 Unde
263 702 477 749 homines
502 716 696 762 operum
722 701 897 760 primos
922 698 1120 758 vitaeque
1146 698 1329 743 labores

92 769 371 825 Instituunt,
398 769 467 813 sic
492 768 565 811 dis
588 765 830 827 placitum,
857 775 906 809 tu
932 763 1156 808 carminis
1180 773 1281 809 esto

91 835 399 895 Principium.
472 833 641 877 Romae
666 845 936 891 sponsorem
962 844 1036 873 me
1062 829 1197 888 rapis.
1271 832 1298 851 “
1321 827 1440 874 Eia!

91 900 169 946 Ne
195 901 318 961 prior
343 898 497 944 officio
522 897 768 958 quisquam
792 895 1090 955 respondeat,
1117 894 1279 954 urge.''

93 967 202 1012 Sive
228 965 400 1025 Aquilo
427 964 546 1008 radit
571 973 731 1018 terras,
758 978 840 1006 seu
867 961 1031 1005 bruma
1056 959 1260 1005 nivalem
1613 957 1680 1004 25

92 1030 323 1078 Interiore
350 1031 475 1075 diem
500 1044 614 1088 gyro
638 1027 794 1083 trahit,
822 1026 887 1070 ire
913 1040 1108 1070 necesse
1133 1034 1216 1070 est.

93 1097 362 1152 Postmodo,
388 1095 509 1155 quod
537 1093 600 1138 mi
625 1093 762 1149 obsit,
790 1089 916 1136 clare
948 1088 1225 1150 certumque
1249 1090 1425 1148 locuto,

93 1162 394 1208 Luctandum
422 1162 469 1205 in
495 1160 658 1214 turba3
699 1157 915 1203 facienda
940 1156 1110 1217 injuria
1135 1156 1292 1201 tardis.

94 1233 122 1252 “
140 1228 272 1276 Quid
301 1227 384 1283 vis,
411 1226 612 1271 insane?
649 1236 696 1269 et
719 1239 834 1283 quas
860 1238 931 1267 res
957 1223 1056 1282 agis
1071 1222 1118 1266 ?'’
1160 1221 1400 1283 improbus
1423 1227 1562 1281 urget

94 1293 233 1339 Iratis
251 1292 498 1352 precibus3
538 1294 564 1313 “
584 1299 632 1335 tu
658 1289 815 1349 pulses
838 1303 978 1333 omne
1003 1288 1127 1347 quod
1151 1288 1318 1344 obstat,
1616 1283 1686 1331 30

95 1360 174 1405 Ad
202 1358 517 1402 Maecenatem
544 1355 738 1400 memori
764 1355 802 1398 si
828 1363 986 1398 mente
1011 1354 1255 1398 recurras.’

95 1424 205 1470 Hoc
226 1424 355 1484 juvat
379 1432 426 1468 et
450 1422 575 1467 melli
601 1430 689 1478 est,
714 1436 808 1465 non
835 1420 1048 1464 mentiar.
1121 1419 1203 1475 At,
1229 1417 1367 1464 simul
1393 1425 1518 1464 atras

95 1490 304 1536 Ventum
329 1498 400 1534 est
425 1488 676 1548 Esquilias,
702 1486 856 1531 aliena
880 1485 1069 1546 negotia
1093 1494 1285 1530 centum

95 1555 185 1602 Per
211 1564 353 1616 caput
376 1563 422 1600 et
446 1555 574 1599 circa
598 1553 773 1598 saliunt
796 1552 931 1596 latus.
1004 1555 1030 1573 “
1049 1551 1178 1596 Ante
1204 1549 1466 1595 secundam

95 1621 305 1667 Roscius
331 1620 493 1666 orabat
517 1619 605 1664 sibi
631 1619 820 1663 adesses
845 1617 903 1661 ad
932 1616 1094 1661 Puteal
1122 1617 1271 1661 cras.''
1616 1612 1685 1662 35

97 1691 126 1711 “
147 1687 219 1732 De
245 1703 294 1732 re
319 1685 560 1732 communi
586 1684 751 1729 scribae
777 1683 951 1743 magna
977 1692 1114 1742 atque
1141 1682 1262 1728 nova
1287 1690 1333 1727 te

95 1753 309 1798 Orabant
334 1752 472 1797 hodie
498 1750 810 1806 meminisseS,
834 1748 1038 1805 Quinte,
1064 1748 1277 1793 reverti.’'

97 1823 126 1843 “
154 1818 398 1879 Imprimat
424 1817 510 1874 his,
537 1832 666 1873 cura,
694 1815 935 1860 Maecenas
960 1814 1090 1874 signa
1120 1812 1351 1859 tabellis.''

96 1883 300 1941 Dixeris,
347 1888 374 1906 ‘⁴
398 1882 656 1942 Experiar'’
679 1898 687 1925 ε
729 1885 756 1904 “
787 1881 837 1925 Si
865 1881 946 1934 vis,
966 1881 1144 1939 poteS‚''
1173 1879 1304 1925 addit
1326 1886 1373 1924 et
1396 1877 1552 1925 instat.

97 1949 338 2010 Septimus
361 1958 526 1993 octavo
549 1945 735 2006 propior
757 1946 852 2005 jam
879 1945 1050 2004 fugerit
1074 1960 1242 2002 annus,
1620 1940 1688 1992 40

96 2015 172 2061 Ex
195 2030 286 2075 quo
316 2012 554 2057 Maecenas
581 2027 655 2055 me
680 2010 822 2070 coepit
847 2010 1019 2054 habere
1046 2025 1238 2055 suorum

98 2079 158 2126 In
183 2095 396 2136 numero,
423 2078 650 2122 duntaxat
675 2077 733 2120 ad
761 2077 864 2132 hoc,
889 2090 1028 2135 quem
1054 2076 1215 2134 tollere
1241 2075 1390 2121 rheda

99 2146 272 2202 Vellet,
299 2146 384 2189 iter
410 2143 604 2199 faciens,
629 2151 676 2187 et
698 2142 779 2186 cui
804 2141 1090 2186 concredere
1116 2157 1268 2203 nugas

99 2211 210 2257 Hoc
228 2226 378 2271 genus
401 2226 409 2254 :
447 2213 474 2232 “
500 2208 631 2254 Hora
649 2217 791 2268 quota
809 2208 912 2252 est?
949 2206 1114 2252 Thrax
1133 2219 1204 2253 est
1221 2207 1412 2254 Gallina
1436 2207 1556 2270 Syro
1568 2208 1686 2272 par?

99 2276 336 2322 Matutina
360 2290 525 2336 parum
546 2284 710 2320 cautos
730 2274 826 2334 jam
852 2273 1024 2334 frigora
1048 2275 1265 2320 mordent
1282 2274 1322 2320 :''
1619 2274 1686 2321 45

99 2342 162 2388 Et
186 2359 288 2402 quae
313 2342 486 2387 rimosa
512 2341 632 2386 bene
657 2341 956 2400 deponuntur
983 2339 1030 2384 in
1057 2355 1182 2384 aure.

99 2409 189 2454 Per
214 2419 361 2454 totum
388 2409 477 2452 hoc
501 2416 686 2466 tempus
711 2405 962 2466 subjectior
987 2405 1035 2450 in
1061 2405 1185 2450 diem
1211 2414 1259 2452 et
1282 2406 1443 2452 horam

99 2473 314 2520 Invidiae.
383 2477 411 2496 “
431 2471 606 2517 Noster
632 2472 764 2516 ludos
789 2480 1081 2531 spectaverat
1100 2471 1222 2527 una;

99 2539 300 2585 Luserat
324 2538 372 2582 in
409 2550 599 2597 camp03
638 2536 858 2585 Fortunae
885 2536 1064 2591 filius;’'
1101 2553 1280 2582 onmes.

101 2604 324 2664 Frigidus
350 2619 376 2647 a
401 2602 588 2647 Rostris
609 2611 767 2646 manat
784 2618 865 2662 per
891 2602 1096 2662 compita
1115 2618 1272 2647 rumor
1295 2618 1305 2646 ;
1617 2600 1685 2648 50

98 2669 391 2727 Quicunque
414 2667 578 2711 obvius
603 2675 674 2711 est
699 2682 772 2711 me
797 2666 1028 2711 consulit:
1067 2671 1094 2689 ‘⁴
1113 2666 1159 2710 O
1185 2668 1323 2723 bone,
1349 2681 1459 2712 nam
1483 2673 1531 2713 te

103 2735 254 2791 Scire,
281 2734 394 2778 deos
418 2731 638 2792 quoniam
663 2728 854 2791 propius
879 2731 1131 2790 contingis,
1156 2741 1364 2792 oportet:

102 2799 233 2845 Num
260 2799 370 2858 quid
397 2798 455 2842 de
482 2797 626 2842 Dacis
650 2797 821 2841 audisti
837 2797 885 2841 '‘l’'
931 2802 958 2820 “
987 2796 1068 2841 Nil
1094 2797 1358 2856 equidem.''
1395 2800 1424 2821 ‘⁴
1448 2795 1511 2844 Ut
1532 2804 1587 2843 tu

104 2866 303 2924 Semper
329 2863 420 2907 eris
444 2863 620 2908 derisor
637 2862 679 2907 !''
728 2865 757 2884 “
786 2863 851 2906 At
873 2877 1038 2907 omnes
1062 2862 1109 2906 di
1135 2863 1380 2923 exagitent
1404 2877 1497 2921 me,

105 2930 157 2975 Si
182 2928 481 2989 quidquam.''
553 2927 762 2976 “Quid?
799 2927 1024 2972 militibus
1049 2929 1274 2987 promissa
1298 2926 1554 2989 Triquetra
1617 2927 1684 2974 55

103 2995 287 3040 Praedia
311 2993 488 3050 Caesar,
513 3009 573 3038 an
596 3002 668 3038 est
692 2992 811 3038 Itala
835 2993 1000 3037 tellure
1025 2993 1218 3038 daturus
1236 2994 1285 3039 '3²’

104 3059 134 3105 J
139 3069 351 3105 urantem
380 3073 453 3103 me
478 3058 597 3103 scire
623 3058 738 3104 nihil
765 3059 1007 3115 mirantur,
1033 3069 1083 3104 ut
1109 3073 1256 3104 unum
1421 3078 1475 3108 (a

106 3125 302 3171 Scilicet
319 3124 496 3186 egregii
523 3124 763 3170 mortalem
789 3123 961 3184 altique
984 3123 1156 3170 silenti,
1470 3097 1670 3151 &uffan-⁴

1263 1354 1272 1373 2
