1841 3349
515 147 924 192 EPISTOLARUM
954 147 1063 186 LIB.
1094 147 1151 186 II.
1181 150 1220 187 2.
1648 148 1741 195 177

163 271 261 321 Des
284 288 518 329 nummos,
542 278 740 330 excepta
763 267 880 314 nihil
904 275 950 313 te
975 267 1014 312 si
1039 267 1151 340 fuga
1173 267 1341 314 laedass

161 338 248 384 Ille
274 339 390 384 ferat
412 336 631 408 pretium?
654 349 807 407 poenae
833 349 1044 391 560111115,
1067 333 1246 393 opinor.

164 404 395 450 Prudens
403 401 559 447 emisti
583 401 828 454 vitiosum3
866 398 993 444 dicta
1017 371 1101 444 tibi
1125 406 1196 443 est
1219 398 1322 442 lex:

162 468 431 530 Insequeris
458 478 615 512 tamen
642 467 786 523 1111110,
811 476 858 510 61
882 465 960 510 1116
986 464 1184 509 moraris
1208 462 1384 524 iniqua.
1740 504 1743 507 ,

229 535 340 580 Dixi
365 549 439 578 me
464 533 650 593 pigrum
675 531 994 592 proficiscenti
1018 530 1118 588 tibi,
1145 530 1241 575 dixi
1404 554 1407 561 ·
1681 527 1745 572 20

165 599 366 646 Talibus
390 599 557 644 officiis
581 595 725 659 prope
752 613 1008 651 111611011111,
1046 612 1106 641 116
1131 611 1235 640 mea
1261 609 1411 640 saevus

164 666 387 727 Jurgares
412 665 470 710 ad
495 674 540 709 te
565 663 692 724 quod
718 663 895 723 epistol
887 679 913 706 1
938 661 1068 706 nulla
1093 662 1284 707 veniret

162 731 297 781 Quid
322 741 419 776 tum
445 730 638 791 profeci,
664 744 849 774 mecum
877 728 1132 773 facientia
1117 743 1223 788 jura

166 798 218 843 Si
242 807 401 842 tamen
427 805 656 842 attentas.
642 797 659 829 l
727 794 959 843 Quereris
985 809 1122 865 super
1149 794 1238 838 hoc
1262 792 1421 850 etiam,
1445 789 1574 852 quod

165 863 450 923 Exspectata
466 862 551 908 tibi
564 877 660 907 non
680 860 860 905 mittam
885 860 1097 904 carmina
1122 859 1341 904 mendax.
1683 856 1749 903 25

232 929 420 975 Luculli
445 930 579 973 miles
603 927 802 972 collecta
828 926 995 970 viatica
1020 926 1177 970 multis

168 995 430 1052 AEmmuis,
450 995 600 1038 lassus
625 994 736 1037 duni
763 1001 907 1036 noctu
933 991 1097 1049 stertit,
1124 991 1182 1035 ad
1208 1006 1360 1036 assem

168 1061 442 1107 Perdiderat
465 1077 473 1104 :
510 1068 612 1120 post
638 1059 726 1103 1100
752 1058 1005 1102 vehemens
1029 1057 1184 1117 lupus,
1210 1066 1256 1102 et
1282 1056 1370 1101 sibi
1395 1063 1443 1101 et
1466 1055 1588 1102 hosti

168 1126 323 1173 Iratus
348 1126 535 1187 pariter,
556 1125 729 1186 jejunis
754 1123 972 1168 dentibus
998 1138 1121 1180 acer,

169 1193 448 1238 Praeffldium
474 1192 629 1252 regale
654 1190 757 1235 loco
783 1189 971 1249 dejecit,
999 1197 1049 1233 ut
1075 1189 1222 1246 aiunt,
1687 1185 1751 1232 30

170 1255 366 1304 8111111116
394 1258 590 1314 1111111110,
616 1265 662 1301 et
686 1256 937 1300 multarum
963 1255 1105 1299 divite
1129 1270 1300 1300 rerum.

170 1324 339 1370 Clarus
363 1325 422 1369 ob
447 1324 494 1368 id
522 1323 714 1380 factum,
741 1321 876 1366 donis
899 1329 1091 1366 ornatur
1116 1320 1356 1375 honestis3

171 1391 366 1451 Accipit
390 1398 435 1435 et
461 1389 530 1434 bis
555 1389 678 1433 dena
702 1403 840 1448 super
867 1386 1079 1432 sestertia
1103 1386 1367 1431 nummum.

170 1455 313 1503 Forte
340 1457 426 1501 sub
451 1457 540 1501 hoc
565 1464 750 1516 tempus
775 1453 1018 1498 castellum
1045 1462 1253 1498 evertere
1276 1460 1445 1514 praetor

172 1522 351 1568 Nescio
375 1522 498 1583 quod
526 1521 739 1582 cupiens,
767 1519 940 1565 hortari
965 1519 1107 1579 coepit
1131 1519 1337 1563 eundem
1689 1516 1755 1563 35

170 1589 341 1635 Verbis
365 1603 467 1648 quae
492 1587 656 1632 timido
674 1601 856 1646 quoque
880 1594 1071 1645 possent
1095 1585 1268 1629 addere
1294 1591 1502 1629 mentem
1522 1599 1531 1628 ;

173 1658 201 1678 “
224 1654 264 1713 Ι,
292 1655 428 1711 bone,
454 1651 547 1714 quo
574 1653 716 1697 virtus
741 1661 820 1697 tua
843 1660 889 1696 te
916 1659 1050 1695 vocat
1066 1667 1076 1706 3
1114 1650 1129 1695 i
1153 1650 1272 1711 pede
1299 1649 1467 1708 fausto,

171 1721 383 1767 Grandia
407 1721 585 1764 laturus
610 1718 882 1763 meritorum
905 1716 1124 1777 praemia:
1161 1716 1269 1776 quid
1298 1724 1392 1760 stas
1409 1716 1458 1760 P'

172 1786 284 1832 Post
307 1787 408 1831 haec
433 1785 508 1830 ille
535 1793 683 1841 catus,
708 1782 1006 1844 quantumvis
1030 1781 1248 1839 rusticus,
1266 1784 1293 1804 “
1321 1780 1431 1840 Ibit,
1507 1820 1512 1824 .

173 1852 270 1898 Ibit
293 1849 350 1897 60
376 1849 468 1912 quo
495 1851 578 1908 vis,
604 1850 683 1909 qui
709 1865 879 1894 zonam
903 1848 1153 1909 perdidit,’'
1182 1847 1346 1907 inquit.
1692 1846 1767 1895 40*

240 1918 408 1964 Romae
434 1916 601 1961 nutriri
620 1914 736 1959 mihi
761 1914 975 1974 contigit,
1002 1922 1139 1973 atque
1165 1912 1324 1958 doceri

175 1983 330 2029 Iratus
354 1981 510 2028 Graiis
534 1977 763 2041 quantum
789 1979 1028 2024 nocuisset
1052 1977 1267 2023 Achilles
1290 1994 1298 2023 :

175 2047 413 2110 Adjecere
439 2048 573 2092 bonae
597 2043 739 2108 paulo
764 2045 868 2106 plus
893 2045 1003 2089 artis
1027 2044 1259 2100 Athenae3

177 2116 371 2161 Scilicet
395 2123 446 2159 ut
468 2128 652 2174 possem
677 2127 820 2156 curvo
844 2111 1123 2171 dignoscere
1147 2118 1347 2169 rectum,

175 2182 335 2242 Atque
360 2181 481 2225 inter
507 2179 646 2224 silvas
671 2177 905 2222 Academi
929 2191 1138 2236 quaerere
1158 2191 1333 2221 verum.
1693 2174 1759 2221 45

176 2247 308 2292 Dura
332 2247 413 2291 sed
439 2243 657 2291 emovere
682 2244 786 2289 loco
811 2258 886 2287 me
911 2251 1123 2302 tempora
1146 2251 1279 2302 grato
1294 2258 1305 2298 ;

175 2313 431 2373 Civilisque
456 2311 622 2356 rudem
646 2309 756 2354 belli
781 2309 886 2354 tulit
911 2317 1051 2353 aestus
1075 2307 1125 2352 in
1150 2323 1296 2366 arma,

176 2378 378 2424 Caesaris
404 2376 609 2437 Augusti
635 2391 729 2422 non
754 2389 1034 2435 responsura
1057 2374 1260 2419 lacertis.

175 2445 316 2490 Unde
341 2443 478 2488 simul
503 2439 709 2502 primum
734 2456 808 2485 me
834 2438 1057 2484 dimisere
1082 2439 1302 2500 Philippi,

178 2509 367 2555 Decisis
392 2506 618 2552 humilem
643 2505 828 2566 pennis,
855 2505 1135 2564 inopemque
1160 2504 1344 2565 paterni
1694 2502 1760 2547 50

177 2574 240 2620 Ε1
264 2574 375 2618 laris
400 2581 446 2617 et
473 2571 622 2627 fundi,
645 2578 895 2631 paupertas
920 2569 1106 2629 impulit
1130 2570 1284 2614 audax

177 2639 242 2685 Ut
267 2654 426 2684 versus
451 2608 687 2682 facerein:
725 2634 807 2679 sed
831 2635 956 2694 quod
976 2649 1071 2678 11011
1096 2634 1217 2679 desit
1241 2633 1496 2679 habentem

176 2705 305 2754 Quae
329 2711 548 2764 poterunt
572 2715 778 2760 unquam
805 2698 917 2744 satis
941 2714 1202 2760 expurgare
1227 2699 1416 2756 cicutae,

178 2769 243 2816 Ni
272 2767 440 2815 melius
465 2767 667 2813 dormire
690 2774 851 2827 putem
875 2780 1017 2825 quam
1042 2765 1247 2810 scribere
1273 2765 1464 2810 versus?

244 2834 446 2895 Singula
469 2834 527 2878 de
551 2832 686 2878 nobis
711 2831 824 2876 anni
847 2831 1114 2903 praedantur
1139 2839 1338 2876 euntes·
1327 2866 1338 2886 ,
1696 2828 1763 2875 55

179 2899 448 2963 Eripuere
433 2915 580 2960 jocos,
606 2913 842 2955 venerem,
869 2896 1097 2954 convivia,
1121 2896 1314 2942 ludum·
1304 2932 1314 2952 ,

179 2966 412 3014 Tendunt
435 2973 709 3024 extorquere
732 2935 981 3023 poeinata:
1018 2934 1130 3021 quid
1155 2962 1324 3007 faciam
1349 2961 1450 3006 vis?

180 3032 400 3093 Denique
424 3046 519 3076 non
543 3045 708 3074 omnes
730 3029 896 3073 eadem
923 3027 1152 3072 mirantur
1177 3036 1457 3087 amantque:

182 3097 409 3145 Carmine
433 3105 485 3142 tu
508 3094 687 3157 gaudes
701 3109 713 3151 ;
751 3093 829 3139 hic.
854 3092 1114 3139 delectatur
1137 3091 1305 3138 iambis
1319 3107 1332 3148 3
