1841 3349
583 207 926 248 SATIRARUM
961 207 1069 246 LIB.
1102 209 1136 245 ἶ.
1168 209 1204 247 6.

1627 215 1721 262 105

133 327 353 390 Namque
377 337 447 374 est
471 328 564 386 ille,
588 336 722 389 pater
747 328 871 388 quod
896 336 994 373 erat
1019 328 1346 375 meus—Hoc
1371 330 1455 376 tibi
1481 331 1655 378 Paulus

133 394 196 441 Et
222 394 423 440 Messala
451 394 656 439 videris?
726 394 794 438 At
818 393 912 451 hic,
937 393 974 438 si
999 393 1206 454 plaustra
1230 395 1450 454 ducenta,

132 460 524 520 Concurrantque
551 460 648 505 foro
672 460 760 505 tria
785 460 965 516 funera,
992 475 1165 520 magna
1189 461 1388 518 sonabit,

133 526 328 573 Cornua
350 523 475 587 quod
501 526 748 586 vincatque
775 526 911 571 tubas
935 541 942 570 :
981 526 1146 570 saltem
1171 534 1301 571 tenet
1326 527 1416 572 hoc
1441 544 1540 574 nos.

198 591 345 637 Nunc
370 593 428 637 ad
455 608 530 637 me
556 593 713 649 redeo,
740 591 959 637 libertino
983 600 1113 653 patre
1138 604 1303 637 natum
1324 609 1332 638 :

131 657 295 707 Quem
319 659 491 703 rodunt
515 673 681 704 omnes
705 658 925 703 libertino
949 667 1079 719 patre
1106 668 1269 703 natum
1289 675 1300 714 3

132 723 293 781 Nunc,
319 724 444 784 quia,
472 723 730 782 Maecenas,
756 724 840 769 tibi
866 740 969 769 sum
995 724 1266 781 convictor3
1304 733 1349 771 at
1371 725 1501 785 olim,

130 787 282 839 Quod
310 791 421 835 mihi
447 800 631 851 pareret
656 791 777 851 legio
804 790 1025 835 Romana
1049 791 1252 836 tribuno.

132 855 375 902 Dissimile
401 857 492 902 hoc
519 857 582 901 illi
607 865 703 901 est:
743 856 853 916 quia
878 872 988 913 non,
1016 868 1066 900 ut
1091 856 1221 901 forsit
1245 857 1472 904 honorem

131 921 249 968 Jure
274 923 388 968 milii
415 922 622 968 invideat
646 922 813 982 quivis,
840 922 904 966 ita
928 931 973 967 te
997 937 1181 982 quoque
1206 923 1441 978 amicum;

132 988 399 1035 Praesertim
425 998 617 1034 cautum
643 989 811 1049 dignos
837 1003 1092 1046 assumere,
1118 989 1261 1049 prava

134 1055 411 1102 Ambitione
436 1055 614 1115 procul.
689 1054 899 1099 Felicem
927 1053 1086 1099 dicere
1111 1071 1206 1100 non
1233 1056 1324 1101 hoc

133 1119 217 1166 Me
241 1137 448 1182 possum,
475 1136 588 1165 casu
613 1117 739 1180 quod
765 1129 810 1165 te
837 1120 1024 1165 sortitus
1050 1121 1255 1166 amicum
1277 1138 1288 1177 ;

132 1186 281 1232 Nulla
305 1188 481 1232 etenim
506 1186 591 1231 tibi
618 1202 692 1231 me
720 1186 811 1231 fors
835 1186 1030 1231 obtulit:
1069 1187 1274 1247 optimus
1299 1187 1411 1236 olim

133 1253 377 1314 Virgilius,
402 1262 507 1313 post
528 1253 655 1297 hunc
681 1252 870 1309 VariUS‚
897 1251 1060 1297 dixere
1085 1254 1197 1313 quid
1222 1270 1390 1300 essem.

131 1318 196 1365 Ut
221 1319 327 1364 veni
352 1317 529 1375 coram,
556 1318 798 1379 singultim
824 1334 976 1378 pauca
999 1318 1201 1377 locutus,

132 1384 301 1431 Infans
325 1401 529 1445 namque
554 1385 703 1445 pudor
728 1384 1006 1445 prohibebat
1029 1385 1165 1444 plura
1188 1386 1376 1446 profari,

131 1450 245 1497 Non
270 1467 358 1512 ego
385 1467 459 1496 me
485 1451 612 1496 claro
637 1460 799 1495 natum
824 1459 971 1510 patre,
997 1466 1093 1496 non
1118 1467 1207 1513 ego
1231 1452 1413 1498 circum

132 1515 215 1562 Me
243 1518 523 1563 Satureiano
548 1517 723 1562 vectari
748 1532 857 1562 rura
881 1516 1078 1575 caballo,

132 1584 246 1641 Sed,
271 1585 395 1644 quod
420 1600 565 1641 eram,
592 1599 743 1629 narro.
816 1582 1118 1643 Respondes,
1144 1592 1201 1630 ut.
1219 1592 1329 1630 tuus
1353 1594 1426 1632 est
1448 1601 1551 1632 mos

131 1649 322 1695 Pauca:
360 1650 503 1705 abeo;
542 1659 589 1695 et
612 1665 805 1694 revocas
830 1665 956 1694 nono
978 1646 1086 1709 post
1105 1666 1285 1708 mense,
1307 1651 1539 1713 jubesque

132 1714 250 1760 Esse
276 1717 324 1760 in
350 1717 610 1761 amicorum
638 1730 848 1760 numero.
920 1713 1155 1776 Magnum
1180 1717 1271 1762 hoc
1295 1733 1384 1779 ego
1408 1718 1550 1777 duco,

130 1779 282 1830 Qucd
307 1781 464 1842 placui
488 1781 589 1839 tibi,
614 1781 693 1841 qui
718 1780 841 1841 turpi
868 1781 1077 1826 secernis
1103 1782 1370 1843 honestum,

131 1845 247 1893 Non
271 1856 400 1908 patre
427 1847 665 1908 praeclaro,
692 1848 774 1892 sed
801 1846 893 1892 vita
918 1856 965 1892 01
990 1856 1180 1908 pectore
1206 1865 1335 1909 puro.

199 1913 364 1974 Atqui,
391 1913 429 1958 si
455 1914 578 1959 vitiis
603 1913 921 1958 mediocribus
946 1929 1002 1958 ac
1026 1929 1133 1959 mea
1157 1915 1322 1975 paucis

131 1977 366 2025 Mendosa
390 1988 461 2025 est
484 1991 668 2036 natura,
694 1979 866 2039 alioqui
890 1987 1035 2035 recta,
1063 1980 1187 2025 velut
1211 1981 1249 2025 si

130 2044 338 2107 Egregio
362 2045 598 2106 inspersos
618 2043 875 2105 reprendas
900 2059 1094 2105 corpore
1120 2061 1300 2103 naevos3

131 2112 184 2157 Si
209 2127 360 2172 neque
387 2112 642 2168 avaritiam,
668 2126 820 2171 neque
846 2111 1023 2168 sordeS,
1049 2127 1140 2156 nec
1164 2113 1288 2158 mala
1310 2113 1472 2171 lustra,

129 2176 340 2239 Objiciet
364 2176 472 2222 vere
498 2177 743 2238 quisquam
769 2176 910 2232 mihi3
947 2192 1092 2237 purus
1111 2187 1158 2223 et
1182 2178 1343 2225 insons

132 2241 221 2304 (Ut
244 2260 319 2289 me
344 2243 635 2307 collaudem)
664 2243 702 2288 si
728 2243 845 2300 vivo,
871 2252 918 2288 et
943 2258 1082 2288 carus
1109 2245 1301 2292 amicis:

129 2309 290 2356 Causa
314 2309 401 2355 fuit
419 2319 549 2370 pater
577 2310 665 2366 1115,
691 2309 771 2369 qui
798 2325 958 2354 macro
982 2325 1158 2370 pauper
1184 2311 1335 2372 agello

129 2375 300 2423 Noluit
325 2376 372 2421 in
401 2375 534 2421 Flavi
560 2376 725 2420 ludum
750 2391 825 2420 me
851 2375 1053 2433 mittere,
1081 2377 1242 2437 magni

90 2483 94 2486 Δ
129 2440 247 2492 Quo
273 2442 406 2504 pueri
433 2442 616 2503 magnis
642 2458 668 2486 e
694 2442 1051 2487 centurionibus
1075 2443 1180 2501 orti,

129 2508 271 2554 Laevo
296 2508 513 2568 suspensi
537 2508 716 2553 loculos
741 2507 1040 2568 tabulamque
1064 2507 1259 2567 lacerto,

130 2573 272 2618 Ibant
290 2573 472 2619 octonis
498 2573 754 2618 referentes
779 2574 933 2618 idibus
959 2589 1064 2618 aera.

131 2639 227 2686 Sed
252 2653 451 2699 puerum
475 2647 545 2682 051
569 2653 711 2681 ausus
737 2638 940 2683 Romam
967 2647 1166 2699 portare,
1189 2640 1458 2686 docendum

131 2706 276 2751 Artes
300 2719 416 2765 quas
441 2703 610 2747 doceat
633 2703 782 2762 quivis
807 2719 951 2762 eques
976 2712 1113 2763 atque
1139 2713 1325 2751 senator

131 2772 295 2817 Semet
319 2777 570 2830 prognatos
593 2784 601 2812 :
639 2777 815 2813 vestem
842 2784 1089 2828 servosque
1115 2779 1368 2830 sequentes

130 2837 190 2882 In
217 2851 388 2896 magno
413 2843 462 2879 ut
486 2833 657 2894 populo
682 2834 720 2879 51
745 2834 847 2894 quis
875 2834 1079 2891 vidisset,
1104 2835 1227 2881 avita

130 2901 205 2948 Ex
230 2917 278 2946 re
304 2900 500 2962 praeberi
525 2909 739 2960 sumptus
765 2900 878 2945 mihi
904 2900 1117 2946 crederet
1141 2901 1256 2948 illos.

130 2967 239 3029 Ipse
267 2967 378 3012 mihi
405 2976 563 3012 custos
588 2966 1021 3027 incorruptissimus
1044 2982 1209 3012 omnes

129 3032 328 3080 Circum
353 3033 567 3077 doctores
593 3032 765 3077 aderat.
824 3031 960 3080 Quid
986 3032 1164 3078 multa?
1199 3034 1443 3094 pudicum,

128 3099 232 3150 Qui
259 3099 436 3161 primus
462 3098 641 3142 virtutis
668 3098 832 3155 honOS‚
859 3098 1057 3143 servavit
1081 3099 1140 3144 ab
1163 3100 1292 3145 omni

130 3164 245 3213 Non
269 3162 422 3212 solum
447 3163 586 3222 facto,
611 3161 775 3211 verum
797 3164 1046 3226 opprobrio
1069 3181 1254 3226 quoque
1274 3164 1424 3228 turpi:

1658 594 1722 641 45

1655 925 1722 972 50

1655 1586 1721 1633 60

1658 2247 1723 2295 70

1659 2577 1724 2624 75

1656 2907 1722 2955 80
