1841 3349
660 160 998 203 CARMINUM
1028 163 1138 204 LIB.
1167 166 1202 204 1.

366 280 553 328 Imbelli
577 281 758 328 cithara
783 282 995 328 carmina
1019 284 1226 341 divides3

626 347 963 408 Nequidquam
989 350 1194 395 thalamo
1218 366 1384 410 graves

365 412 556 471 Hastas‚
583 422 630 459 et
654 414 823 459 calami
850 415 1032 474 spicula
1056 415 1241 474 Gnosii,

360 478 562 537 Vitabis,
590 480 945 540 strepitumque,
971 490 1018 526 et
1043 481 1244 526 celerem
1272 483 1403 542 sequi

361 544 590 607 Ajacem:
628 553 803 603 tamen,
830 547 923 591 heu
948 547 1105 591 serus!
1146 548 1380 594 adulteros

624 611 796 657 Crines
819 612 1008 672 pulvere
1034 613 1242 659 collines.

361 673 472 721 Non
499 675 803 733 Laertiaden,
830 678 1024 723 exitium
1050 688 1141 723 tuae

356 740 541 799 Gentis,
568 758 663 787 non
689 743 875 802 Pylium
900 744 1104 788 Nestora
1129 744 1356 805 respicis?

356 805 539 868 Urgent
563 808 784 868 impavidi
809 817 854 853 te
884 809 1172 854 Salaminius

621 873 831 932 Teucer,
857 883 902 920 te
930 875 1184 920 Sthenelus
1208 875 1365 922 sciens

357 937 554 1000 Pugnae,
580 938 676 984 sive
700 955 818 1000 opus
842 950 912 986 est
937 941 1205 1000 imperitare
1229 942 1377 1002 equis,

353 1002 465 1050 Non
491 1004 655 1065 auriga
678 1005 822 1066 piger.
895 1005 1146 1051 Merionen
1170 1023 1354 1067 quoque

355 1067 553 1116 Nosces.
612 1069 743 1115 Ecce
769 1071 878 1116 furit
901 1079 946 1116 te
972 1072 1175 1132 reperire
1201 1081 1334 1119 atrox

619 1134 851 1195 Tydides,
876 1137 1041 1182 melior
1067 1147 1225 1197 patre:

351 1197 515 1250 Quem
539 1207 607 1258 tu,
633 1216 798 1246 cervus
824 1199 891 1247 uti
915 1202 1046 1247 vallis
1071 1203 1119 1248 in
1146 1203 1293 1249 altera

351 1263 521 1310 Visum
545 1274 675 1327 parte
700 1267 862 1327 lupum
889 1268 1116 1328 graminis
1141 1270 1404 1328 immemor,

355 1329 558 1376 Sublimi
584 1331 734 1392 fugies
758 1332 910 1378 mollis
935 1334 1162 1392 anhelitu,

614 1396 727 1443 Non
752 1398 842 1444 hoc
865 1399 1101 1460 pollicitus
1124 1409 1233 1446 tuae.

350 1459 590 1508 Iracunda
613 1463 738 1509 diem
764 1465 968 1525 proferet
993 1464 1084 1511 Ilio

350 1525 674 1590 Matronisque
700 1529 940 1592 Phrygum
966 1531 1129 1577 classis
1154 1531 1392 1580 Achillei:

351 1592 464 1640 Post
486 1604 639 1642 certas
664 1596 845 1658 hieme-s
870 1605 974 1643 uret
997 1598 1216 1643 Achai'us

614 1660 750 1723 Ignis
775 1661 1061 1724 Pergameas
1086 1663 1298 1710 domos.’'

759 1921 899 1968 ODE
935 1923 1074 1971 XIV.

767 2034 1055 2067 PALINODIA.

345 2115 392 2162 O
414 2131 589 2162 MATRE
614 2116 816 2178 pulchra
840 2117 937 2163 filia
959 2118 1215 2179 pulchrior,

341 2179 505 2232 Quem
530 2182 798 2229 criminosis
822 2199 1011 2245 cunque
1039 2185 1163 2231 voles
1188 2188 1380 2235 modum

472 2248 628 2294 Pones
652 2249 845 2305 iambis;
884 2251 981 2295 sive
1006 2249 1213 2311 flamma,

623 2315 734 2360 Sive
758 2316 875 2361 mari
900 2316 1014 2362 libet
1040 2317 1300 2366 Hadriano.

341 2378 453 2425 Non
478 2379 800 2441 Dindymene,
827 2398 922 2428 non
943 2383 1094 2443 adytis
1119 2385 1267 2445 quatit

340 2443 556 2493 Mentem
581 2448 877 2493 sacerdotum
903 2449 1060 2494 incola
1083 2449 1297 2510 Pythius.

473 2511 586 2558 Non
611 2512 753 2558 Liber
779 2511 930 2574 aeque,
957 2531 1053 2560 non
1078 2526 1219 2562 acuta

603 2578 685 2623 Sic
710 2580 956 2640 geminant
980 2579 1275 2641 Corybantes
1299 2595 1411 2642 aera,

337 2639 523 2687 Tristes
541 2650 594 2687 ut
616 2643 696 2687 irae
716 2660 725 2688 ;
763 2660 878 2703 quas
903 2661 1056 2705 neque
1081 2646 1288 2695 Noricus

337 2704 558 2753 Deterret
580 2708 722 2765 ensiS‚
748 2724 839 2753 nec
862 2725 990 2754 mare
1016 2711 1313 2773 naufragum,

467 2771 576 2819 Nec
600 2789 750 2819 saevus
766 2774 913 2835 ignis,
940 2791 1030 2821 nec
1054 2779 1300 2826 tremendo

599 2839 783 2901 Jupiter
808 2840 906 2901 ipse
933 2857 1074 2887 ruens
1098 2843 1316 2892 tumultu.

334 2901 503 2950 Fertur
526 2903 838 2952 Prometheus
863 2907 1037 2953 addere
1061 2908 1263 2972 principi

333 2967 471 3018 Limo
495 2980 689 3017 coactus
711 2972 989 3033 particulam
1015 2974 1223 3036 undique

464 3034 736 3097 Desectam,
762 3047 809 3084 et
833 3036 988 3085 insani
1011 3039 1161 3086 leonis

596 3102 709 3149 Vim
733 3106 977 3153 stomacho
1000 3106 1271 3168 apposuisse
1293 3106 1466 3156 nostro.

1690 173 1748 220 11

1692 289 1755 337 15

1686 614 1751 662 20

1666 2716 1729 2766 10

1660 3044 1722 3094 15
