1841 3349
687 191 917 230 EPODON
948 191 1134 231 LIBER.

353 311 543 359 Inultus
561 320 612 358 ut
631 321 683 358 tu
706 311 864 357 riseris
888 311 1095 372 Cotyttia

353 378 577 440 Vulgata,
603 393 791 424 sacrum
815 378 949 423 liberi
975 377 1264 439 Cupidinis?

353 443 415 490 Et
438 443 672 505 Esquilini
696 443 906 505 pontifex
931 442 1129 489 venefici

353 509 558 572 Impune
581 519 631 556 ut
656 511 818 556 urbem
844 509 1035 554 nomine
1062 507 1270 570 impleris
1293 510 1433 556 meo?

351 575 488 625 Quid
512 577 728 636 proderat
752 574 925 620 ditasse
951 574 1170 635 Pelignas
1195 591 1330 634 anus,

354 642 638 689 Velociusve
663 640 908 686 miscuisse
933 641 1141 685 toxicum
1163 641 1181 685 Ἰ

356 709 452 754 Sed
477 708 682 753 tardiora
702 707 794 752 fata
818 715 864 752 te
891 705 1006 751 votis
1031 712 1236 752 manent.

355 774 550 834 Ingrata
573 774 744 819 misero
768 773 861 817 vita
885 771 1106 816 ducenda
1130 781 1216 829 est,
1243 772 1291 817 in
1319 773 1423 830 hoc,

354 839 504 885 Novis
528 848 580 885 ut
604 855 750 899 usque
775 846 994 898 suppetas
1018 837 1270 883 doloribus.

352 905 500 966 Optat
523 905 728 965 quietem
755 904 941 964 Pelopis
966 903 1138 948 infidus
1162 912 1308 964 pater,

355 973 514 1031 Egens
541 971 758 1031 benignae
779 969 1013 1014 Tantalus
1038 985 1220 1029 semper
1240 969 1371 1030 dapis
1388 985 1398 1025 ;

353 1038 502 1097 Optat
527 1036 835 1082 Prometheus
859 1034 1091 1094 obligatus
1116 1035 1236 1080 aliti:

352 1103 500 1165 Optat
524 1117 741 1163 supremo
766 1100 996 1146 collocare
1023 1101 1252 1161 Sisyphus

355 1170 414 1216 In
439 1177 597 1215 monte
623 1183 814 1212 saxum:
852 1167 934 1212 sed
960 1175 1118 1227 vetant
1140 1166 1267 1228 leges
1292 1165 1435 1213 Jovis.

354 1236 500 1282 Voles
525 1232 665 1280 modo
692 1233 798 1279 altis
823 1233 1009 1278 desilire
1035 1233 1256 1290 turribus,

356 1299 505 1347 Modo
531 1316 644 1345 ense
669 1308 834 1360 pectus
859 1298 1039 1344 Norico
1064 1299 1307 1343 recludere
1327 1315 1338 1354 3

355 1364 644 1426 Frustraque
669 1365 824 1410 vincla
847 1366 1023 1426 gutturi
1047 1374 1209 1410 nectes
1233 1373 1330 1421 tuo,

355 1432 621 1478 Fastidiosa
647 1431 788 1477 tristis
814 1430 1100 1491 aegrimonia.

354 1499 592 1545 Vectabor
617 1497 825 1542 humeris
849 1507 963 1542 tunc
988 1512 1076 1557 ego
1097 1495 1302 1541 inimicis
1326 1510 1486 1556 eques,

355 1562 571 1625 Meaeque
595 1574 719 1609 terra
743 1563 881 1608 cedet
906 1561 1180 1608 insolentiae.

353 1631 449 1688 An,
475 1645 577 1691 quae
603 1644 787 1675 movere
813 1644 974 1673 cereas
999 1627 1229 1689 imagines

355 1695 442 1758 (Ut
466 1696 564 1756 ipse
589 1694 715 1740 nosti
739 1693 995 1756 curiosus),
1021 1702 1067 1739 et
1090 1693 1198 1754 polo

354 1760 583 1822 Deripere
609 1760 794 1805 Lunam
821 1760 1013 1805 vocibus
1037 1759 1210 1819 possim
1235 1759 1368 1817 meiS,

353 1825 537 1872 Possim
562 1834 792 1871 crematos
817 1825 1022 1869 excitare
1047 1834 1269 1882 mortuos,

353 1891 666 1951 Desiderique
691 1900 952 1951 temperare
977 1890 1216 1951 poculum,

352 1957 540 2005 Plorem
567 1957 678 2004 artis
701 1957 751 2002 in
774 1965 821 2002 te
844 1956 911 2003 nil
936 1955 1153 2002 habentis
1177 1954 1384 2001 exitum'l

1679 1430 1741 1476 70

1676 1759 1740 1805 75
